@ARTICLE{Burrows1995,
       author = {{Burrows}, Adam and {Hayes}, John and {Fryxell}, Bruce A.},
        title = "{On the Nature of Core-Collapse Supernova Explosions}",
      journal = {\apj},
     keywords = {NUCLEAR REACTIONS, NUCLEOSYNTHESIS, ABUNDANCES, STARS: INTERIORS, STARS: SUPERNOVAE: GENERAL, Astrophysics},
         year = 1995,
        month = sep,
       volume = {450},
        pages = {830},
          doi = {10.1086/176188},
archivePrefix = {arXiv},
       eprint = {astro-ph/9506061},
 primaryClass = {astro-ph},
       adsurl = {https://ui.adsabs.harvard.edu/abs/1995ApJ...450..830B},
      adsnote = {Provided by the SAO/NASA Astrophysics Data System}
}

@ARTICLE{Perryman1997,
       author = {{Perryman}, M.~A.~C. and {Lindegren}, L. and {Kovalevsky}, J. and {Hoeg}, E. and {Bastian}, U. and {Bernacca}, P.~L. and {Cr{\'e}z{\'e}}, M. and {Donati}, F. and {Grenon}, M. and {Grewing}, M. and {van Leeuwen}, F. and {van der Marel}, H. and {Mignard}, F. and {Murray}, C.~A. and {Le Poole}, R.~S. and {Schrijver}, H. and {Turon}, C. and {Arenou}, F. and {Froeschl{\'e}}, M. and {Petersen}, C.~S.},
        title = "{The HIPPARCOS Catalogue}",
      journal = {\aap},
         year = 1997,
        month = jul,
       volume = {323},
        pages = {L49-L52},
       adsurl = {https://ui.adsabs.harvard.edu/abs/1997A&A...323L..49P},
      adsnote = {Provided by the SAO/NASA Astrophysics Data System}
}

@ARTICLE{Virtanen2020,
  author  = {Virtanen, Pauli and Gommers, Ralf and Oliphant, Travis E. and
            Haberland, Matt and Reddy, Tyler and Cournapeau, David and
            Burovski, Evgeni and Peterson, Pearu and Weckesser, Warren and
            Bright, Jonathan and {van der Walt}, St{\'e}fan J. and
            Brett, Matthew and Wilson, Joshua and Millman, K. Jarrod and
            Mayorov, Nikolay and Nelson, Andrew R. J. and Jones, Eric and
            Kern, Robert and Larson, Eric and Carey, C J and
            Polat, {\.I}lhan and Feng, Yu and Moore, Eric W. and
            {VanderPlas}, Jake and Laxalde, Denis and Perktold, Josef and
            Cimrman, Robert and Henriksen, Ian and Quintero, E. A. and
            Harris, Charles R. and Archibald, Anne M. and
            Ribeiro, Ant{\^o}nio H. and Pedregosa, Fabian and
            {van Mulbregt}, Paul and {SciPy 1.0 Contributors}},
  title   = {{{SciPy} 1.0: Fundamental Algorithms for Scientific
            Computing in Python}},
  journal = {\textit{Nature Methods}},
  year    = {2020},
  volume  = {17},
  pages   = {261--272},
  adsurl  = {https://rdcu.be/b08Wh},
  doi     = {10.1038/s41592-019-0686-2},
}

@ARTICLE{Miyaji1980,
       author = {{Miyaji}, S. and {Nomoto}, K. and {Yokoi}, K. and {Sugimoto}, D.},
        title = "{Supernova triggered by electron captures.}",
      journal = {\pasj},
         year = 1980,
        month = jan,
       volume = {32},
        pages = {303-329},
       adsurl = {https://ui.adsabs.harvard.edu/abs/1980PASJ...32..303M},
      adsnote = {Provided by the SAO/NASA Astrophysics Data System}
}

@ARTICLE{GalYam2009,
       author = {{Gal-Yam}, A. and {Mazzali}, P. and {Ofek}, E.~O. and {Nugent}, P.~E. and {Kulkarni}, S.~R. and {Kasliwal}, M.~M. and {Quimby}, R.~M. and {Filippenko}, A.~V. and {Cenko}, S.~B. and {Chornock}, R. and {Waldman}, R. and {Kasen}, D. and {Sullivan}, M. and {Beshore}, E.~C. and {Drake}, A.~J. and {Thomas}, R.~C. and {Bloom}, J.~S. and {Poznanski}, D. and {Miller}, A.~A. and {Foley}, R.~J. and {Silverman}, J.~M. and {Arcavi}, I. and {Ellis}, R.~S. and {Deng}, J.},
        title = "{Supernova 2007bi as a pair-instability explosion}",
      journal = {\nat},
     keywords = {Astrophysics - Cosmology and Nongalactic Astrophysics},
         year = 2009,
        month = dec,
       volume = {462},
       number = {7273},
        pages = {624-627},
          doi = {10.1038/nature08579},
archivePrefix = {arXiv},
       eprint = {1001.1156},
 primaryClass = {astro-ph.CO},
       adsurl = {https://ui.adsabs.harvard.edu/abs/2009Natur.462..624G},
      adsnote = {Provided by the SAO/NASA Astrophysics Data System}
}

@ARTICLE{Schulze2024,
       author = {{Schulze}, Steve and {Fransson}, Claes and {Kozyreva}, Alexandra and {Chen}, Ting-Wan and {Yaron}, Ofer and {Jerkstrand}, Anders and {Gal-Yam}, Avishay and {Sollerman}, Jesper and {Yan}, Lin and {Kangas}, Tuomas and {Leloudas}, Giorgos and {Omand}, Conor M.~B. and {Smartt}, Stephen J. and {Yang}, Yi and {Nicholl}, Matt and {Sarin}, Nikhil and {Yao}, Yuhan and {Brink}, Thomas G. and {Sharon}, Amir and {Rossi}, Andrea and {Chen}, Ping and {Chen}, Zhihao and {Cikota}, Aleksandar and {De}, Kishalay and {Drake}, Andrew J. and {Filippenko}, Alexei V. and {Fremling}, Christoffer and {Fr{\'e}our}, Laurane and {Fynbo}, Johan P.~U. and {Ho}, Anna Y.~Q. and {Inserra}, Cosimo and {Irani}, Ido and {Kuncarayakti}, Hanindyo and {Lunnan}, Ragnhild and {Mazzali}, Paolo and {Ofek}, Eran O. and {Palazzi}, Eliana and {Perley}, Daniel A. and {Pursiainen}, Miika and {Rothberg}, Barry and {Shingles}, Luke J. and {Smith}, Ken and {Taggart}, Kirsty and {Tartaglia}, Leonardo and {Zheng}, WeiKang and {Anderson}, Joseph P. and {Cassara}, Letizia and {Christensen}, Eric and {George Djorgovski}, S. and {Galbany}, Llu{\'\i}s and {Gkini}, Anamaria and {Graham}, Matthew J. and {Gromadzki}, Mariusz and {Groom}, Steven L. and {Hiramatsu}, Daichi and {Andrew Howell}, D. and {Kasliwal}, Mansi M. and {McCully}, Curtis and {M{\"u}ller-Bravo}, Tom{\'a}s E. and {Paiano}, Simona and {Paraskeva}, Emmanouela and {Pessi}, Priscila J. and {Polishook}, David and {Rau}, Arne and {Rigault}, Mickael and {Rusholme}, Ben},
        title = "{1100 days in the life of the supernova 2018ibb. The best pair-instability supernova candidate, to date}",
      journal = {\aap},
     keywords = {supernovae: individual: SN 2018ibb, supernovae: individual: ATLAS18unu, supernovae: individual: Gaia19cvo, supernovae: individual: PS19crg, supernovae: individual: ZTF18acenqto, Astrophysics - High Energy Astrophysical Phenomena, Astrophysics - Solar and Stellar Astrophysics},
         year = 2024,
        month = mar,
       volume = {683},
          eid = {A223},
        pages = {A223},
          doi = {10.1051/0004-6361/202346855},
archivePrefix = {arXiv},
       eprint = {2305.05796},
 primaryClass = {astro-ph.HE},
       adsurl = {https://ui.adsabs.harvard.edu/abs/2024A&A...683A.223S},
      adsnote = {Provided by the SAO/NASA Astrophysics Data System}
}

@ARTICLE{Janka1995,
       author = {{Janka}, H. -Thomas and {Mueller}, Ewald},
        title = "{The First Second of a Type II Supernova: Convection, Accretion, and Shock Propagation}",
      journal = {\apjl},
     keywords = {STARS: SUPERNOVAE: GENERAL, HYDRODYNAMICS, SHOCK WAVES, CONVECTION, TURBULENCE, Astrophysics},
         year = 1995,
        month = aug,
       volume = {448},
        pages = {L109},
          doi = {10.1086/309604},
archivePrefix = {arXiv},
       eprint = {astro-ph/9503015},
 primaryClass = {astro-ph},
       adsurl = {https://ui.adsabs.harvard.edu/abs/1995ApJ...448L.109J},
      adsnote = {Provided by the SAO/NASA Astrophysics Data System}
}

@ARTICLE{Arcones2014,
       author = {{Arcones}, A. and {Bliss}, J.},
        title = "{Nucleosynthesis of elements between Sr and Ag in neutron- and proton-rich neutrino-driven winds}",
      journal = {\textit{Journal of Physics G Nuclear Physics}},
     keywords = {Astrophysics - Solar and Stellar Astrophysics},
         year = 2014,
        month = apr,
       volume = {41},
       number = {4},
          eid = {044005},
        pages = {044005},
          doi = {10.1088/0954-3899/41/4/044005},
archivePrefix = {arXiv},
       eprint = {1312.0434},
 primaryClass = {astro-ph.SR},
       adsurl = {https://ui.adsabs.harvard.edu/abs/2014JPhG...41d4005A},
      adsnote = {Provided by the SAO/NASA Astrophysics Data System}
}

@ARTICLE{Rozwadowska2021,
       author = {{Rozwadowska}, Karolina and {Vissani}, Francesco and {Cappellaro}, Enrico},
        title = "{On the rate of core collapse supernovae in the milky way}",
      journal = {\na},
     keywords = {Astrophysics - High Energy Astrophysical Phenomena, Astrophysics - Astrophysics of Galaxies, Astrophysics - Solar and Stellar Astrophysics, High Energy Physics - Experiment, High Energy Physics - Phenomenology},
         year = 2021,
        month = feb,
       volume = {83},
          eid = {101498},
        pages = {101498},
          doi = {10.1016/j.newast.2020.101498},
archivePrefix = {arXiv},
       eprint = {2009.03438},
 primaryClass = {astro-ph.HE},
       adsurl = {https://ui.adsabs.harvard.edu/abs/2021NewA...8301498R},
      adsnote = {Provided by the SAO/NASA Astrophysics Data System}
}

@ARTICLE{Burrows1993,
       author = {{Burrows}, Adam and {Goshy}, John},
        title = "{A Theory of Supernova Explosions}",
      journal = {\apjl},
     keywords = {HYDRODYNAMICS, SHOCK WAVES, STARS: SUPERNOVAE: GENERAL},
         year = 1993,
        month = oct,
       volume = {416},
        pages = {L75},
          doi = {10.1086/187074},
       adsurl = {https://ui.adsabs.harvard.edu/abs/1993ApJ...416L..75B},
      adsnote = {Provided by the SAO/NASA Astrophysics Data System}
}

@ARTICLE{Hamacher2014,
       author = {{Hamacher}, Duane W.},
        title = "{Are supernovae recorded in indigenous astronomical traditions?}",
      journal = {\textit{Journal of Astronomical History and Heritage}},
     keywords = {Historical astronomy, ethnoastronomy, cultural astronomy, Aboriginal Australians, novae, supernovae, Physics - History and Philosophy of Physics, Physics - Physics and Society},
         year = 2014,
        month = jul,
       volume = {17},
       number = {2},
        pages = {161-170},
          doi = {10.48550/arXiv.1404.3253},
archivePrefix = {arXiv},
       eprint = {1404.3253},
 primaryClass = {physics.hist-ph},
       adsurl = {https://ui.adsabs.harvard.edu/abs/2014JAHH...17..161H},
      adsnote = {Provided by the SAO/NASA Astrophysics Data System}
}

@ARTICLE{Ackermann2013,
       author = {{Ackermann}, M. and {Ajello}, M. and {Allafort}, A. and {Baldini}, L. and {Ballet}, J. and {Barbiellini}, G. and {Baring}, M.~G. and {Bastieri}, D. and {Bechtol}, K. and {Bellazzini}, R. and {Blandford}, R.~D. and {Bloom}, E.~D. and {Bonamente}, E. and {Borgland}, A.~W. and {Bottacini}, E. and {Brandt}, T.~J. and {Bregeon}, J. and {Brigida}, M. and {Bruel}, P. and {Buehler}, R. and {Busetto}, G. and {Buson}, S. and {Caliandro}, G.~A. and {Cameron}, R.~A. and {Caraveo}, P.~A. and {Casandjian}, J.~M. and {Cecchi}, C. and {{\c{C}}elik}, {\"O}. and {Charles}, E. and {Chaty}, S. and {Chaves}, R.~C.~G. and {Chekhtman}, A. and {Cheung}, C.~C. and {Chiang}, J. and {Chiaro}, G. and {Cillis}, A.~N. and {Ciprini}, S. and {Claus}, R. and {Cohen-Tanugi}, J. and {Cominsky}, L.~R. and {Conrad}, J. and {Corbel}, S. and {Cutini}, S. and {D'Ammando}, F. and {de Angelis}, A. and {de Palma}, F. and {Dermer}, C.~D. and {do Couto e Silva}, E. and {Drell}, P.~S. and {Drlica-Wagner}, A. and {Falletti}, L. and {Favuzzi}, C. and {Ferrara}, E.~C. and {Franckowiak}, A. and {Fukazawa}, Y. and {Funk}, S. and {Fusco}, P. and {Gargano}, F. and {Germani}, S. and {Giglietto}, N. and {Giommi}, P. and {Giordano}, F. and {Giroletti}, M. and {Glanzman}, T. and {Godfrey}, G. and {Grenier}, I.~A. and {Grondin}, M. -H. and {Grove}, J.~E. and {Guiriec}, S. and {Hadasch}, D. and {Hanabata}, Y. and {Harding}, A.~K. and {Hayashida}, M. and {Hayashi}, K. and {Hays}, E. and {Hewitt}, J.~W. and {Hill}, A.~B. and {Hughes}, R.~E. and {Jackson}, M.~S. and {Jogler}, T. and {J{\'o}hannesson}, G. and {Johnson}, A.~S. and {Kamae}, T. and {Kataoka}, J. and {Katsuta}, J. and {Kn{\"o}dlseder}, J. and {Kuss}, M. and {Lande}, J. and {Larsson}, S. and {Latronico}, L. and {Lemoine-Goumard}, M. and {Longo}, F. and {Loparco}, F. and {Lovellette}, M.~N. and {Lubrano}, P. and {Madejski}, G.~M. and {Massaro}, F. and {Mayer}, M. and {Mazziotta}, M.~N. and {McEnery}, J.~E. and {Mehault}, J. and {Michelson}, P.~F. and {Mignani}, R.~P. and {Mitthumsiri}, W. and {Mizuno}, T. and {Moiseev}, A.~A. and {Monzani}, M.~E. and {Morselli}, A. and {Moskalenko}, I.~V. and {Murgia}, S. and {Nakamori}, T. and {Nemmen}, R. and {Nuss}, E. and {Ohno}, M. and {Ohsugi}, T. and {Omodei}, N. and {Orienti}, M. and {Orlando}, E. and {Ormes}, J.~F. and {Paneque}, D. and {Perkins}, J.~S. and {Pesce-Rollins}, M. and {Piron}, F. and {Pivato}, G. and {Rain{\`o}}, S. and {Rando}, R. and {Razzano}, M. and {Razzaque}, S. and {Reimer}, A. and {Reimer}, O. and {Ritz}, S. and {Romoli}, C. and {S{\'a}nchez-Conde}, M. and {Schulz}, A. and {Sgr{\`o}}, C. and {Simeon}, P.~E. and {Siskind}, E.~J. and {Smith}, D.~A. and {Spandre}, G. and {Spinelli}, P. and {Stecker}, F.~W. and {Strong}, A.~W. and {Suson}, D.~J. and {Tajima}, H. and {Takahashi}, H. and {Takahashi}, T. and {Tanaka}, T. and {Thayer}, J.~G. and {Thayer}, J.~B. and {Thompson}, D.~J. and {Thorsett}, S.~E. and {Tibaldo}, L. and {Tibolla}, O. and {Tinivella}, M. and {Troja}, E. and {Uchiyama}, Y. and {Usher}, T.~L. and {Vandenbroucke}, J. and {Vasileiou}, V. and {Vianello}, G. and {Vitale}, V. and {Waite}, A.~P. and {Werner}, M. and {Winer}, B.~L. and {Wood}, K.~S. and {Wood}, M. and {Yamazaki}, R. and {Yang}, Z. and {Zimmer}, S.},
        title = "{Detection of the Characteristic Pion-Decay Signature in Supernova Remnants}",
      journal = {\textit{Science}},
     keywords = {ASTRONOMY Astronomy, Physics, Materials-Science, Astrophysics - High Energy Astrophysical Phenomena, Astrophysics - Galaxy Astrophysics},
         year = 2013,
        month = feb,
       volume = {339},
       number = {6121},
        pages = {807-811},
          doi = {10.1126/science.1231160},
archivePrefix = {arXiv},
       eprint = {1302.3307},
 primaryClass = {astro-ph.HE},
       adsurl = {https://ui.adsabs.harvard.edu/abs/2013Sci...339..807A},
      adsnote = {Provided by the SAO/NASA Astrophysics Data System}
}

@ARTICLE{Arcones2023,
       author = {{Arcones}, Almudena and {Thielemann}, Friedrich-Karl},
        title = "{Origin of the elements}",
      journal = {\aapr},
     keywords = {Element abundance, Big Bang nucleosynthesis, Stellar evolution, Core collapse, Supernovae, Compact binary mergers, Galactic evolution},
         year = 2023,
        month = dec,
       volume = {31},
       number = {1},
          eid = {1},
        pages = {1},
          doi = {10.1007/s00159-022-00146-x},
       adsurl = {https://ui.adsabs.harvard.edu/abs/2023A&ARv..31....1A},
      adsnote = {Provided by the SAO/NASA Astrophysics Data System}
}

@ARTICLE{Foucart2023,
       author = {{Foucart}, Francois},
        title = "{Neutrino transport in general relativistic neutron star merger simulations}",
      journal = {\textit{Living Reviews in Computational Astrophysics}},
     keywords = {Neutrino radiation transport, Neutron star merger simulations, Numerical relativity methods, Astrophysics - High Energy Astrophysical Phenomena, General Relativity and Quantum Cosmology},
         year = 2023,
        month = dec,
       volume = {9},
       number = {1},
          eid = {1},
        pages = {1},
          doi = {10.1007/s41115-023-00016-y},
archivePrefix = {arXiv},
       eprint = {2209.02538},
 primaryClass = {astro-ph.HE},
       adsurl = {https://ui.adsabs.harvard.edu/abs/2023LRCA....9....1F},
      adsnote = {Provided by the SAO/NASA Astrophysics Data System}
}

@ARTICLE{Mezzacappa2020,
       author = {{Mezzacappa}, Anthony and {Endeve}, Eirik and {Messer}, O.~E. Bronson and {Bruenn}, Stephen W.},
        title = "{Physical, numerical, and computational challenges of modeling neutrino transport in core-collapse supernovae}",
      journal = {\textit{Living Reviews in Computational Astrophysics}},
     keywords = {Neutrinos, Transport, Supernovae, Astrophysics - High Energy Astrophysical Phenomena, General Relativity and Quantum Cosmology},
         year = 2020,
        month = dec,
       volume = {6},
       number = {1},
          eid = {4},
        pages = {4},
          doi = {10.1007/s41115-020-00010-8},
archivePrefix = {arXiv},
       eprint = {2010.09013},
 primaryClass = {astro-ph.HE},
       adsurl = {https://ui.adsabs.harvard.edu/abs/2020LRCA....6....4M},
      adsnote = {Provided by the SAO/NASA Astrophysics Data System}
}

@ARTICLE{Bionta1987,
       author = {{Bionta}, R.~M. and {Blewitt}, G. and {Bratton}, C.~B. and {Casper}, D. and {Ciocio}, A. and {Claus}, R. and {Cortez}, B. and {Crouch}, M. and {Dye}, S.~T. and {Errede}, S. and {Foster}, G.~W. and {Gajewski}, W. and {Ganezer}, K.~S. and {Goldhaber}, M. and {Haines}, T.~J. and {Jones}, T.~W. and {Kielczewska}, D. and {Kropp}, W.~R. and {Learned}, J.~G. and {Losecco}, J.~M. and {Matthews}, J. and {Miller}, R. and {Mudan}, M.~S. and {Park}, H.~S. and {Price}, L.~R. and {Reines}, F. and {Schultz}, J. and {Seidel}, S. and {Shumard}, E. and {Sinclair}, D. and {Sobel}, H.~W. and {Stone}, J.~L. and {Sulak}, L.~R. and {Svoboda}, R. and {Thornton}, G. and {van der Velde}, J.~C. and {Wuest}, C.},
        title = "{Observation of a neutrino burst in coincidence with supernova 1987A in the Large Magellanic Cloud}",
      journal = {\prl},
     keywords = {Magellanic Clouds, Neutrinos, Supernova 1987a, Cerenkov Radiation, Radiation Detectors, Underground Structures, Space Radiation, 97.60.Bw, 14.60.Gh, 95.85.Sz, Supernovae, Gravitational radiation magnetic fields and other observations},
         year = 1987,
        month = apr,
       volume = {58},
       number = {14},
        pages = {1494-1496},
          doi = {10.1103/PhysRevLett.58.1494},
       adsurl = {https://ui.adsabs.harvard.edu/abs/1987PhRvL..58.1494B},
      adsnote = {Provided by the SAO/NASA Astrophysics Data System}
}

@ARTICLE{Bethe1985,
       author = {{Bethe}, H.~A. and {Wilson}, J.~R.},
        title = "{Revival of a stalled supernova shock by neutrino heating}",
      journal = {\apj},
     keywords = {Heating, Neutrinos, Shock Waves, Supernovae, Thermalization (Energy Absorption), Computational Astrophysics, Explosions, Neutron Stars, Particle Collisions, Astrophysics},
         year = 1985,
        month = aug,
       volume = {295},
        pages = {14-23},
          doi = {10.1086/163343},
       adsurl = {https://ui.adsabs.harvard.edu/abs/1985ApJ...295...14B},
      adsnote = {Provided by the SAO/NASA Astrophysics Data System}
}

@ARTICLE{Hirata1987,
       author = {{Hirata}, K. and {Kajita}, T. and {Koshiba}, M. and {Nakahata}, M. and {Oyama}, Y. and {Sato}, N. and {Suzuki}, A. and {Takita}, M. and {Totsuka}, Y. and {Kifune}, T. and {Suda}, T. and {Takahashi}, K. and {Tanimori}, T. and {Miyano}, K. and {Yamada}, M. and {Beier}, E.~W. and {Feldscher}, L.~R. and {Kim}, S.~B. and {Mann}, A.~K. and {Newcomer}, F.~M. and {van}, R. and {Zhang}, W. and {Cortez}, B.~G.},
        title = "{Observation of a neutrino burst from the supernova SN1987A}",
      journal = {\prl},
     keywords = {Neutrinos, Stellar Radiation, Supernova 1987a, Cerenkov Radiation, Electron Energy, Magellanic Clouds, Radiation Detectors, Space Radiation, 97.60.Bw, 14.60.Gh, 95.85.Sz, 97.60.Jd, Supernovae, Gravitational radiation magnetic fields and other observations, Neutron stars},
         year = 1987,
        month = apr,
       volume = {58},
       number = {14},
        pages = {1490-1493},
          doi = {10.1103/PhysRevLett.58.1490},
       adsurl = {https://ui.adsabs.harvard.edu/abs/1987PhRvL..58.1490H},
      adsnote = {Provided by the SAO/NASA Astrophysics Data System}
}

@ARTICLE{Burrows1987,
       author = {{Burrows}, Adam and {Lattimer}, James M.},
        title = "{Neutrinos from SN 1987A}",
      journal = {\apjl},
     keywords = {Neutrinos, Stellar Cores, Stellar Evolution, Stellar Physics, Supernova 1987a, Diffusion, Neutron Stars, Particle Diffusion, Shock Waves, Stellar Models, Astrophysics, NEUTRINOS, STARS: COLLAPSED, STARS: EVOLUTION, STARS: SUPERNOVAE},
         year = 1987,
        month = jul,
       volume = {318},
        pages = {L63},
          doi = {10.1086/184938},
       adsurl = {https://ui.adsabs.harvard.edu/abs/1987ApJ...318L..63B},
      adsnote = {Provided by the SAO/NASA Astrophysics Data System}
}

@ARTICLE{Hiramatsu2021,
       author = {{Hiramatsu}, Daichi and {Howell}, D. Andrew and {Van Dyk}, Schuyler D. and {Goldberg}, Jared A. and {Maeda}, Keiichi and {Moriya}, Takashi J. and {Tominaga}, Nozomu and {Nomoto}, Ken'ichi and {Hosseinzadeh}, Griffin and {Arcavi}, Iair and {McCully}, Curtis and {Burke}, Jamison and {Bostroem}, K. Azalee and {Valenti}, Stefano and {Dong}, Yize and {Brown}, Peter J. and {Andrews}, Jennifer E. and {Bilinski}, Christopher and {Williams}, G. Grant and {Smith}, Paul S. and {Smith}, Nathan and {Sand}, David J. and {Anand}, Gagandeep S. and {Xu}, Chengyuan and {Filippenko}, Alexei V. and {Bersten}, Melina C. and {Folatelli}, Gast{\'o}n and {Kelly}, Patrick L. and {Noguchi}, Toshihide and {Itagaki}, Koichi},
        title = "{The electron-capture origin of supernova 2018zd}",
      journal = {\textit{Nature Astronomy}},
     keywords = {Astrophysics - High Energy Astrophysical Phenomena, Astrophysics - Solar and Stellar Astrophysics},
         year = 2021,
        month = jun,
       volume = {5},
        pages = {903-910},
          doi = {10.1038/s41550-021-01384-2},
archivePrefix = {arXiv},
       eprint = {2011.02176},
 primaryClass = {astro-ph.HE},
       adsurl = {https://ui.adsabs.harvard.edu/abs/2021NatAs...5..903H},
      adsnote = {Provided by the SAO/NASA Astrophysics Data System}
}

@ARTICLE{Janka2012,
       author = {{Janka}, Hans-Thomas},
        title = "{Explosion Mechanisms of Core-Collapse Supernovae}",
      journal = {\textit{Annual Review of Nuclear and Particle Science}},
     keywords = {Astrophysics - Solar and Stellar Astrophysics, General Relativity and Quantum Cosmology, High Energy Physics - Phenomenology, Nuclear Theory},
         year = 2012,
        month = nov,
       volume = {62},
       number = {1},
        pages = {407-451},
          doi = {10.1146/annurev-nucl-102711-094901},
archivePrefix = {arXiv},
       eprint = {1206.2503},
 primaryClass = {astro-ph.SR},
       adsurl = {https://ui.adsabs.harvard.edu/abs/2012ARNPS..62..407J},
      adsnote = {Provided by the SAO/NASA Astrophysics Data System}
}

@ARTICLE{OConnor2018b,
       author = {{O'Connor}, Evan P. and {Couch}, Sean M.},
        title = "{Exploring Fundamentally Three-dimensional Phenomena in High-fidelity Simulations of Core-collapse Supernovae}",
      journal = {\apj},
     keywords = {convection, hydrodynamics, methods: numerical, stars: massive, supernovae: general, turbulence, Astrophysics - High Energy Astrophysical Phenomena, Astrophysics - Solar and Stellar Astrophysics},
         year = {2018},
        month = oct,
       volume = {865},
       number = {2},
          eid = {81},
        pages = {81},
          doi = {10.3847/1538-4357/aadcf7},
archivePrefix = {arXiv},
       eprint = {1807.07579},
 primaryClass = {astro-ph.HE},
       adsurl = {https://ui.adsabs.harvard.edu/abs/2018ApJ...865...81O},
      adsnote = {Provided by the SAO/NASA Astrophysics Data System}
}

@ARTICLE{Duncan1986,
       author = {{Duncan}, Robert C. and {Shapiro}, Stuart L. and {Wasserman}, Ira},
        title = "{Neutrino-driven Winds from Young, Hot Neutron Stars}",
      journal = {\apj},
     keywords = {Hot Stars, Neutrinos, Neutron Stars, Stellar Temperature, Stellar Winds, Early Stars, Radiative Transfer, Stellar Atmospheres, Stellar Luminosity, Stellar Mass Ejection, Supernovae, Astrophysics, NEUTRINOS, STARS: NEUTRON, STARS: WINDS},
         year = 1986,
        month = oct,
       volume = {309},
        pages = {141},
          doi = {10.1086/164587},
       adsurl = {https://ui.adsabs.harvard.edu/abs/1986ApJ...309..141D},
      adsnote = {Provided by the SAO/NASA Astrophysics Data System}
}

@ARTICLE{OConnor2015,
       author = {{O'Connor}, Evan},
        title = "{An Open-source Neutrino Radiation Hydrodynamics Code for Core-collapse Supernovae}",
      journal = {\apjs},
     keywords = {black hole physics, hydrodynamics, neutrinos, radiative transfer, stars: neutron, supernovae: general, Astrophysics - High Energy Astrophysical Phenomena, Nuclear Theory},
         year = 2015,
        month = aug,
       volume = {219},
       number = {2},
          eid = {24},
        pages = {24},
          doi = {10.1088/0067-0049/219/2/24},
archivePrefix = {arXiv},
       eprint = {1411.7058},
 primaryClass = {astro-ph.HE},
       adsurl = {https://ui.adsabs.harvard.edu/abs/2015ApJS..219...24O},
      adsnote = {Provided by the SAO/NASA Astrophysics Data System}
}

@ARTICLE{Sullivan2016,
       author = {{Sullivan}, Chris and {O'Connor}, Evan and {Zegers}, Remco G.~T. and {Grubb}, Thomas and {Austin}, Sam M.},
        title = "{The Sensitivity of Core-collapse Supernovae to Nuclear Electron Capture}",
      journal = {\apj},
     keywords = {neutrinos, nuclear reactions, nucleosynthesis, abundances, equation of state, supernovae: general, Astrophysics - High Energy Astrophysical Phenomena, Nuclear Experiment, Nuclear Theory},
         year = 2016,
        month = jan,
       volume = {816},
       number = {1},
          eid = {44},
        pages = {44},
          doi = {10.3847/0004-637X/816/1/44},
archivePrefix = {arXiv},
       eprint = {1508.07348},
 primaryClass = {astro-ph.HE},
       adsurl = {https://ui.adsabs.harvard.edu/abs/2016ApJ...816...44S},
      adsnote = {Provided by the SAO/NASA Astrophysics Data System}
}

@Article{Hunter2007,
  Author    = {Hunter, J. D.},
  Title     = {Matplotlib: A 2D graphics environment},
  Journal   = {\textit{Computing in Science \& Engineering}},
  Volume    = {9},
  Number    = {3},
  Pages     = {90--95},
  abstract  = {Matplotlib is a 2D graphics package used for Python for
  application development, interactive scripting, and publication-quality
  image generation across user interfaces and operating systems.},
  publisher = {IEEE COMPUTER SOC},
  doi       = {10.1109/MCSE.2007.55},
  year      = 2007
}

@software{Newville2015,
  author       = {Newville, Matthew and
                  Stensitzki, Till and
                  Allen, Daniel B. and
                  Ingargiola,  Antonino},
  title        = {{LMFIT: Non-Linear Least-Square Minimization and 
                   Curve-Fitting for Python}},
  month        = oct,
  year         = 2015,
  publisher    = {Zenodo},
  version      = {0.8.0},
  doi          = {10.5281/zenodo.11813},
  url          = {https://doi.org/10.5281/zenodo.11813}
}

@ARTICLE{Turk2011,
   author = {{Turk}, M.~J. and {Smith}, B.~D. and {Oishi}, J.~S. and {Skory}, S. and
     {Skillman}, S.~W. and {Abel}, T. and {Norman}, M.~L.},
    title = "{yt: A Multi-code Analysis Toolkit for Astrophysical Simulation Data}",
  journal = {\apjs},
archivePrefix = "arXiv",
   eprint = {1011.3514},
 primaryClass = "astro-ph.IM",
 keywords = {cosmology: theory, methods: data analysis, methods: numerical },
     year = 2011,
    month = jan,
   volume = 192,
      eid = {9},
    pages = {9},
      doi = {10.1088/0067-0049/192/1/9},
   adsurl = {https://ui.adsabs.harvard.edu/abs/2011ApJS..192....9T},
  adsnote = {Provided by the SAO/NASA Astrophysics Data System}
}

@Article{Harris2020,
 title         = {Array programming with {NumPy}},
 author        = {Charles R. Harris and K. Jarrod Millman and St{\'{e}}fan J.
                 van der Walt and Ralf Gommers and Pauli Virtanen and David
                 Cournapeau and Eric Wieser and Julian Taylor and Sebastian
                 Berg and Nathaniel J. Smith and Robert Kern and Matti Picus
                 and Stephan Hoyer and Marten H. van Kerkwijk and Matthew
                 Brett and Allan Haldane and Jaime Fern{\'{a}}ndez del
                 R{\'{i}}o and Mark Wiebe and Pearu Peterson and Pierre
                 G{\'{e}}rard-Marchant and Kevin Sheppard and Tyler Reddy and
                 Warren Weckesser and Hameer Abbasi and Christoph Gohlke and
                 Travis E. Oliphant},
 year          = {2020},
 month         = sep,
 journal       = {\nat},
 volume        = {585},
 number        = {7825},
 pages         = {357--362},
 doi           = {10.1038/s41586-020-2649-2},
 publisher     = {Springer Science and Business Media {LLC}},
 url           = {https://doi.org/10.1038/s41586-020-2649-2}
}

@ARTICLE{Burrows1986,
       author = {{Burrows}, A. and {Lattimer}, J.~M.},
        title = "{The Birth of Neutron Stars}",
      journal = {\apj},
     keywords = {Gravitational Collapse, Neutron Stars, Star Formation, Stellar Models, Baryons, Computational Astrophysics, Equations Of State, Neutrinos, Simulation, Astrophysics, STARS: COLLAPSED, STARS: NEUTRON},
         year = 1986,
        month = aug,
       volume = {307},
        pages = {178},
          doi = {10.1086/164405},
       adsurl = {https://ui.adsabs.harvard.edu/abs/1986ApJ...307..178B},
      adsnote = {Provided by the SAO/NASA Astrophysics Data System}
}

@article{Dubey2009,
    title = {Extensible component-based architecture for FLASH, a massively parallel, multiphysics simulation code},
    journal = {\textit{Parallel Computing}},
    volume = {35},
    number = {10},
    pages = {512-522},
    year = {2009},
    issn = {0167-8191},
    doi = {https://doi.org/10.1016/j.parco.2009.08.001},
    url = {https://www.sciencedirect.com/science/article/pii/S0167819109000945},
    author = {Anshu Dubey and Katie Antypas and Murali K. Ganapathy and Lynn B. Reid and Katherine Riley and Dan Sheeler and Andrew Siegel and Klaus Weide},
    keywords = {Software architecture, Portability, Extensibility, Massively parallel, FLASH}
}

@ARTICLE{Baron1990,
       author = {{Baron}, E. and {Cooperstein}, J.},
        title = "{The Effect of Iron Core Structure on Supernovae}",
      journal = {\apj},
     keywords = {Gravitational Collapse, Stellar Cores, Stellar Interiors, Stellar Models, Supernovae, Equations Of State, Hydrodynamic Equations, Iron, Astrophysics, DENSE MATTER, EQUATION OF STATE, NEUTRINOS, STARS: INTERIORS, STARS: SUPERNOVAE},
         year = 1990,
        month = apr,
       volume = {353},
        pages = {597},
          doi = {10.1086/168649},
       adsurl = {https://ui.adsabs.harvard.edu/abs/1990ApJ...353..597B},
      adsnote = {Provided by the SAO/NASA Astrophysics Data System}
}

@ARTICLE{Frohlich2006,
       author = {{Fr{\"o}hlich}, C. and {Mart{\'\i}nez-Pinedo}, G. and {Liebend{\"o}rfer}, M. and {Thielemann}, F. -K. and {Bravo}, E. and {Hix}, W.~R. and {Langanke}, K. and {Zinner}, N.~T.},
        title = "{Neutrino-Induced Nucleosynthesis of A>64 Nuclei: The {\ensuremath{\nu}}p Process}",
      journal = {\prl},
     keywords = {26.30.+k, 25.30.Pt, 97.60.Bw, Nucleosynthesis in novae supernovae and other explosive environments, Neutrino scattering, Supernovae, Astrophysics, Nuclear Theory},
         year = 2006,
        month = apr,
       volume = {96},
       number = {14},
          eid = {142502},
        pages = {142502},
          doi = {10.1103/PhysRevLett.96.142502},
archivePrefix = {arXiv},
       eprint = {astro-ph/0511376},
 primaryClass = {astro-ph},
       adsurl = {https://ui.adsabs.harvard.edu/abs/2006PhRvL..96n2502F},
      adsnote = {Provided by the SAO/NASA Astrophysics Data System}
}

@ARTICLE{Muller2012,
       author = {{M{\"u}ller}, Bernhard and {Janka}, Hans-Thomas and {Marek}, Andreas},
        title = "{A New Multi-dimensional General Relativistic Neutrino Hydrodynamics Code for Core-collapse Supernovae. II. Relativistic Explosion Models of Core-collapse Supernovae}",
      journal = {\apj},
     keywords = {gravitation, hydrodynamics, neutrinos, supernovae: general, radiative transfer, Astrophysics - Solar and Stellar Astrophysics},
         year = 2012,
        month = sep,
       volume = {756},
       number = {1},
          eid = {84},
        pages = {84},
          doi = {10.1088/0004-637X/756/1/84},
archivePrefix = {arXiv},
       eprint = {1202.0815},
 primaryClass = {astro-ph.SR},
       adsurl = {https://ui.adsabs.harvard.edu/abs/2012ApJ...756...84M},
      adsnote = {Provided by the SAO/NASA Astrophysics Data System}
}

@ARTICLE{Burrows2021,
       author = {{Burrows}, A. and {Vartanyan}, D.},
        title = "{Core-collapse supernova explosion theory}",
      journal = {\nat},
     keywords = {Astrophysics - Solar and Stellar Astrophysics, Astrophysics - High Energy Astrophysical Phenomena},
         year = 2021,
        month = jan,
       volume = {589},
       number = {7840},
        pages = {29-39},
          doi = {10.1038/s41586-020-03059-w},
archivePrefix = {arXiv},
       eprint = {2009.14157},
 primaryClass = {astro-ph.SR},
       adsurl = {https://ui.adsabs.harvard.edu/abs/2021Natur.589...29B},
      adsnote = {Provided by the SAO/NASA Astrophysics Data System}
}

@ARTICLE{Menegazzi2024,
       author = {{Crosato Menegazzi}, Ludovica and {Fujibayashi}, Sho and {Takahashi}, Koh and {Ishii}, Ayako},
        title = "{Variety of disc wind-driven explosions in massive rotating stars}",
      journal = {\mnras},
     keywords = {accretion, accretion discs, hydrodynamics, nuclear reactions, nucleosynthesis, abundances, supernovae: general, Astrophysics - High Energy Astrophysical Phenomena},
         year = 2024,
        month = mar,
       volume = {529},
       number = {1},
        pages = {178-195},
          doi = {10.1093/mnras/stae544},
archivePrefix = {arXiv},
       eprint = {2311.04297},
 primaryClass = {astro-ph.HE},
       adsurl = {https://ui.adsabs.harvard.edu/abs/2024MNRAS.529..178C},
      adsnote = {Provided by the SAO/NASA Astrophysics Data System}
}

@ARTICLE{Kouveliotou1998,
       author = {{Kouveliotou}, C. and {Dieters}, S. and {Strohmayer}, T. and {van Paradijs}, J. and {Fishman}, G.~J. and {Meegan}, C.~A. and {Hurley}, K. and {Kommers}, J. and {Smith}, I. and {Frail}, D. and {Murakami}, T.},
        title = "{An X-ray pulsar with a superstrong magnetic field in the soft {\ensuremath{\gamma}}-ray repeater SGR1806 - 20}",
      journal = {\nat},
         year = 1998,
        month = may,
       volume = {393},
       number = {6682},
        pages = {235-237},
          doi = {10.1038/30410},
       adsurl = {https://ui.adsabs.harvard.edu/abs/1998Natur.393..235K},
      adsnote = {Provided by the SAO/NASA Astrophysics Data System}
}

@ARTICLE{Kasen2010,
       author = {{Kasen}, Daniel and {Bildsten}, Lars},
        title = "{Supernova Light Curves Powered by Young Magnetars}",
      journal = {\apj},
     keywords = {radiative transfer, stars: neutron, supernovae: general, supernovae: individual: SN 2005ap SN 2008es SN 2007bi, Astrophysics - High Energy Astrophysical Phenomena},
         year = 2010,
        month = jul,
       volume = {717},
       number = {1},
        pages = {245-249},
          doi = {10.1088/0004-637X/717/1/245},
archivePrefix = {arXiv},
       eprint = {0911.0680},
 primaryClass = {astro-ph.HE},
       adsurl = {https://ui.adsabs.harvard.edu/abs/2010ApJ...717..245K},
      adsnote = {Provided by the SAO/NASA Astrophysics Data System}
}

@ARTICLE{Mezzacappa2020_Review,
       author = {{Mezzacappa}, Anthony and {Endeve}, Eirik and {Messer}, O.~E. Bronson and {Bruenn}, Stephen W.},
        title = "{Physical, numerical, and computational challenges of modeling neutrino transport in core-collapse supernovae}",
      journal = {\textit{Living Reviews in Computational Astrophysics}},
     keywords = {Neutrinos, Transport, Supernovae, Astrophysics - High Energy Astrophysical Phenomena, General Relativity and Quantum Cosmology},
         year = 2020,
        month = dec,
       volume = {6},
       number = {1},
          eid = {4},
        pages = {4},
          doi = {10.1007/s41115-020-00010-8},
archivePrefix = {arXiv},
       eprint = {2010.09013},
 primaryClass = {astro-ph.HE},
       adsurl = {https://ui.adsabs.harvard.edu/abs/2020LRCA....6....4M},
      adsnote = {Provided by the SAO/NASA Astrophysics Data System}
}

@ARTICLE{Muller2015,
       author = {{M{\"u}ller}, B.},
        title = "{The dynamics of neutrino-driven supernova explosions after shock revival in 2D and 3D}",
      journal = {\mnras},
     keywords = {hydrodynamics, instabilities, neutrinos, radiative transfer, supernovae: general, Astrophysics - Solar and Stellar Astrophysics},
         year = 2015,
        month = oct,
       volume = {453},
       number = {1},
        pages = {287-310},
          doi = {10.1093/mnras/stv1611},
archivePrefix = {arXiv},
       eprint = {1506.05139},
 primaryClass = {astro-ph.SR},
       adsurl = {https://ui.adsabs.harvard.edu/abs/2015MNRAS.453..287M},
      adsnote = {Provided by the SAO/NASA Astrophysics Data System}
}

@article{Wang2023,
doi = {10.3847/1538-4357/ace7b2},
url = {https://dx.doi.org/10.3847/1538-4357/ace7b2},
year = {2023},
month = {aug},
publisher = {The American Astronomical Society},
volume = {954},
number = {2},
pages = {114},
author = {Tianshu Wang and Adam Burrows},
title = {Neutrino-driven Winds in Three-dimensional Core-collapse Supernova Simulations},
journal = {\apj}
}

@BOOK{Sedov1959,
       author = {{Sedov}, L.~I.},
    publisher = {New York: Academic Press},
        title = "{\textit{Similarity and Dimensional Methods in Mechanics}}",
         year = 1959,
       adsurl = {https://ui.adsabs.harvard.edu/abs/1959sdmm.book.....S},
      adsnote = {Provided by the SAO/NASA Astrophysics Data System}
}

@ARTICLE{Kitaura2006,
       author = {{Kitaura}, F.~S. and {Janka}, H. -Th. and {Hillebrandt}, W.},
        title = "{Explosions of O-Ne-Mg cores, the Crab supernova, and subluminous type II-P supernovae}",
      journal = {\aap},
     keywords = {stars: supernovae: general, stars: supernovae: individual: Crab, neutrinos, hydrodynamics, radiative transfer, Astrophysics},
         year = 2006,
        month = apr,
       volume = {450},
       number = {1},
        pages = {345-350},
          doi = {10.1051/0004-6361:20054703},
archivePrefix = {arXiv},
       eprint = {astro-ph/0512065},
 primaryClass = {astro-ph},
       adsurl = {https://ui.adsabs.harvard.edu/abs/2006A&A...450..345K},
      adsnote = {Provided by the SAO/NASA Astrophysics Data System}
}

@ARTICLE{Fesen2006,
       author = {{Fesen}, Robert A. and {Hammell}, Molly C. and {Morse}, Jon and {Chevalier}, Roger A. and {Borkowski}, Kazimierz J. and {Dopita}, Michael A. and {Gerardy}, Christopher L. and {Lawrence}, Stephen S. and {Raymond}, John C. and {van den Bergh}, Sidney},
        title = "{The Expansion Asymmetry and Age of the Cassiopeia A Supernova Remnant}",
      journal = {\apj},
     keywords = {ISM: Individual: Name: Cassiopeia A, ISM: Kinematics and Dynamics, ISM: Supernova Remnants, Astrophysics},
         year = 2006,
        month = jul,
       volume = {645},
       number = {1},
        pages = {283-292},
          doi = {10.1086/504254},
archivePrefix = {arXiv},
       eprint = {astro-ph/0603371},
 primaryClass = {astro-ph},
       adsurl = {https://ui.adsabs.harvard.edu/abs/2006ApJ...645..283F},
      adsnote = {Provided by the SAO/NASA Astrophysics Data System}
}

@article{Ghosh2022,
    doi = {10.3847/1538-4357/ac4d20},
    url = {https://dx.doi.org/10.3847/1538-4357/ac4d20},
    year = {2022},
    month = {apr},
    publisher = {The American Astronomical Society},
    volume = {929},
    number = {1},
    pages = {43},
    author = {Somdutta Ghosh and Noah Wolfe and Carla Fröhlich},
    title = {PUSHing Core-collapse Supernovae to Explosions in Spherical Symmetry. V. Equation of State Dependency of Explosion Properties, Nucleosynthesis Yields, and Compact Remnants},
    journal = {The Astrophysical Journal}
}

@ARTICLE{OConnor2018a,
       author = {{O'Connor}, Evan P. and {Couch}, Sean M.},
        title = "{Two-dimensional Core-collapse Supernova Explosions Aided by General Relativity with Multidimensional Neutrino Transport}",
      journal = {\apj},
     keywords = {hydrodynamics, methods: numerical, neutrinos, radiative transfer, stars: neutron, supernovae: general, Astrophysics - High Energy Astrophysical Phenomena, Astrophysics - Solar and Stellar Astrophysics, General Relativity and Quantum Cosmology},
         year = {2018},
        month = feb,
       volume = {854},
       number = {1},
          eid = {63},
        pages = {63},
          doi = {10.3847/1538-4357/aaa893},
archivePrefix = {arXiv},
       eprint = {1511.07443},
 primaryClass = {astro-ph.HE},
       adsurl = {https://ui.adsabs.harvard.edu/abs/2018ApJ...854...63O},
      adsnote = {Provided by the SAO/NASA Astrophysics Data System}
}

@ARTICLE{Boccioli2024,
       author = {{Boccioli}, Luca and {Roberti}, Lorenzo},
        title = "{The Physics of Core-Collapse Supernovae: Explosion Mechanism and Explosive Nucleosynthesis}",
      journal = {\textit{Universe}},
     keywords = {supernovae, explosion, collapse, nucleosynthesis, neutrinos, Astrophysics - Solar and Stellar Astrophysics, Astrophysics - High Energy Astrophysical Phenomena},
         year = 2024,
        month = mar,
       volume = {10},
       number = {3},
          eid = {148},
        pages = {148},
          doi = {10.3390/universe10030148},
archivePrefix = {arXiv},
       eprint = {2403.12942},
 primaryClass = {astro-ph.SR},
       adsurl = {https://ui.adsabs.harvard.edu/abs/2024Univ...10..148B},
      adsnote = {Provided by the SAO/NASA Astrophysics Data System}
}

@ARTICLE{Couch2014,
       author = {{Couch}, Sean M. and {O'Connor}, Evan P.},
        title = "{High-resolution Three-dimensional Simulations of Core-collapse Supernovae in Multiple Progenitors}",
      journal = {\apj},
     keywords = {hydrodynamics, methods: numerical, neutrinos, stars: interiors, supernovae: general, Astrophysics - High Energy Astrophysical Phenomena},
         year = 2014,
        month = apr,
       volume = {785},
       number = {2},
          eid = {123},
        pages = {123},
          doi = {10.1088/0004-637X/785/2/123},
archivePrefix = {arXiv},
       eprint = {1310.5728},
 primaryClass = {astro-ph.HE},
       adsurl = {https://ui.adsabs.harvard.edu/abs/2014ApJ...785..123C},
      adsnote = {Provided by the SAO/NASA Astrophysics Data System}
}

@ARTICLE{Couch2013,
       author = {{Couch}, Sean M.},
        title = "{The Dependence of the Neutrino Mechanism of Core-collapse Supernovae on the Equation of State}",
      journal = {\apj},
     keywords = {hydrodynamics, methods: numerical, shock waves, stars: interiors, supernovae: general, Astrophysics - High Energy Astrophysical Phenomena},
         year = 2013,
        month = mar,
       volume = {765},
       number = {1},
          eid = {29},
        pages = {29},
          doi = {10.1088/0004-637X/765/1/29},
archivePrefix = {arXiv},
       eprint = {1206.4724},
 primaryClass = {astro-ph.HE},
       adsurl = {https://ui.adsabs.harvard.edu/abs/2013ApJ...765...29C},
      adsnote = {Provided by the SAO/NASA Astrophysics Data System}
}

@ARTICLE{Arcones2013,
       author = {{Arcones}, A. and {Thielemann}, F. -K.},
        title = "{Neutrino-driven wind simulations and nucleosynthesis of heavy elements}",
      journal = {\textit{Journal of Physics G Nuclear Physics}},
     keywords = {Astrophysics - Solar and Stellar Astrophysics, Nuclear Experiment, Nuclear Theory},
         year = 2013,
        month = jan,
       volume = {40},
       number = {1},
          eid = {013201},
        pages = {013201},
          doi = {10.1088/0954-3899/40/1/013201},
archivePrefix = {arXiv},
       eprint = {1207.2527},
 primaryClass = {astro-ph.SR},
       adsurl = {https://ui.adsabs.harvard.edu/abs/2013JPhG...40a3201A},
      adsnote = {Provided by the SAO/NASA Astrophysics Data System}
}

@inbook{Turatto2003,
   title={\textit{Classification of Supernovae}},
   ISBN={9783540458630},
   ISSN={0075-8450},
   url={http://dx.doi.org/10.1007/3-540-45863-8_3},
   DOI={10.1007/3-540-45863-8_3},
   booktitle={\textit{Lecture Notes in Physics}},
   publisher={Springer Berlin Heidelberg},
   author={Turatto, Massimo},
   year={2003},
   pages={21–36} }


@ARTICLE{Fremling2020,
       author = {{Fremling}, C. and {Miller}, A.~A. and {Sharma}, Y. and {Dugas}, A. and {Perley}, D.~A. and {Taggart}, K. and {Sollerman}, J. and {Goobar}, A. and {Graham}, M.~L. and {Neill}, J.~D. and {Nordin}, J. and {Rigault}, M. and {Walters}, R. and {Andreoni}, I. and {Bagdasaryan}, A. and {Belicki}, J. and {Cannella}, C. and {Bellm}, E.~C. and {Cenko}, S.~B. and {De}, K. and {Dekany}, R. and {Frederick}, S. and {Golkhou}, V.~Z. and {Graham}, M.~J. and {Helou}, G. and {Ho}, A.~Y.~Q. and {Kasliwal}, M.~M. and {Kupfer}, T. and {Laher}, R.~R. and {Mahabal}, A. and {Masci}, F.~J. and {Riddle}, R. and {Rusholme}, B. and {Schulze}, S. and {Shupe}, D.~L. and {Smith}, R.~M. and {van Velzen}, S. and {Yan}, Lin and {Yao}, Y. and {Zhuang}, Z. and {Kulkarni}, S.~R.},
        title = "{The Zwicky Transient Facility Bright Transient Survey. I. Spectroscopic Classification and the Redshift Completeness of Local Galaxy Catalogs}",
      journal = {\apj},
     keywords = {Supernovae, Galaxies, Redshift surveys, Surveys, 1668, 573, 1378, 1671, Astrophysics - High Energy Astrophysical Phenomena},
         year = 2020,
        month = may,
       volume = {895},
       number = {1},
          eid = {32},
        pages = {32},
          doi = {10.3847/1538-4357/ab8943},
archivePrefix = {arXiv},
       eprint = {1910.12973},
 primaryClass = {astro-ph.HE},
       adsurl = {https://ui.adsabs.harvard.edu/abs/2020ApJ...895...32F},
      adsnote = {Provided by the SAO/NASA Astrophysics Data System}
}

@ARTICLE{Filippenko1997,
       author = {{Filippenko}, Alexei V.},
        title = "{Optical Spectra of Supernovae}",
      journal = {\araa},
         year = 1997,
        month = jan,
       volume = {35},
        pages = {309-355},
          doi = {10.1146/annurev.astro.35.1.309},
       adsurl = {https://ui.adsabs.harvard.edu/abs/1997ARA&A..35..309F},
      adsnote = {Provided by the SAO/NASA Astrophysics Data System}
}

@article{Weinberg2006,
doi = {10.1088/2058-7058/19/2/31},
url = {https://dx.doi.org/10.1088/2058-7058/19/2/31},
year = {2006},
month = {feb},
publisher = {},
volume = {19},
number = {2},
pages = {17},
author = {Stephen Weinberg},
title = {A Bethe unit},
journal = {Physics World}
}

@ARTICLE{Heger2003,
       author = {{Heger}, A. and {Fryer}, C.~L. and {Woosley}, S.~E. and {Langer}, N. and {Hartmann}, D.~H.},
        title = "{How Massive Single Stars End Their Life}",
      journal = {\apj},
     keywords = {Black Hole Physics, Gamma Rays: Bursts, Stars: Early-Type, Stars: Neutron, Stars: Supernovae: General, Astrophysics},
         year = 2003,
        month = jul,
       volume = {591},
       number = {1},
        pages = {288-300},
          doi = {10.1086/375341},
archivePrefix = {arXiv},
       eprint = {astro-ph/0212469},
 primaryClass = {astro-ph},
       adsurl = {https://ui.adsabs.harvard.edu/abs/2003ApJ...591..288H},
      adsnote = {Provided by the SAO/NASA Astrophysics Data System}
}

@ARTICLE{Couch2015,
       author = {{Couch}, Sean M. and {Ott}, Christian D.},
        title = "{The Role of Turbulence in Neutrino-driven Core-collapse Supernova Explosions}",
      journal = {\apj},
     keywords = {hydrodynamics, neutrinos, supernovae: general, Astrophysics - High Energy Astrophysical Phenomena},
         year = 2015,
        month = jan,
       volume = {799},
       number = {1},
          eid = {5},
        pages = {5},
          doi = {10.1088/0004-637X/799/1/5},
archivePrefix = {arXiv},
       eprint = {1408.1399},
 primaryClass = {astro-ph.HE},
       adsurl = {https://ui.adsabs.harvard.edu/abs/2015ApJ...799....5C},
      adsnote = {Provided by the SAO/NASA Astrophysics Data System}
}


@INPROCEEDINGS{Wilson1985,
       author = {{Wilson}, James R.},
        title = "{Supernovae and Post-Collapse Behavior}",
    booktitle = {Numerical Astrophysics},
         year = 1985,
        month = jan,
        pages = {422},
       adsurl = {https://ui.adsabs.harvard.edu/abs/1985nuas.conf..422W},
      adsnote = {Provided by the SAO/NASA Astrophysics Data System}
}

@ARTICLE{ColgateWhite1966,
       author = {{Colgate}, Stirling A. and {White}, Richard H.},
        title = "{The Hydrodynamic Behavior of Supernovae Explosions}",
      journal = {\apj},
         year = 1966,
        month = mar,
       volume = {143},
        pages = {626},
          doi = {10.1086/148549},
       adsurl = {https://ui.adsabs.harvard.edu/abs/1966ApJ...143..626C},
      adsnote = {Provided by the SAO/NASA Astrophysics Data System}
}

@ARTICLE{Jeans1902,
       author = {{Jeans}, J.~H.},
        title = "{The Stability of a Spherical Nebula}",
      journal = {\textit{Philosophical Transactions of the Royal Society of London Series A}},
         year = 1902,
        month = jan,
       volume = {199},
        pages = {1-53},
          doi = {10.1098/rsta.1902.0012},
       adsurl = {https://ui.adsabs.harvard.edu/abs/1902RSPTA.199....1J},
      adsnote = {Provided by the SAO/NASA Astrophysics Data System}
}

@Inbook{Cappellaro2001,
    author={Cappellaro, Enrico and Turatto, Massimo},
    title="{\textit{Supernova Types and Rates}}",
    bookTitle="{\textit{The Influence of Binaries on Stellar Population Studies}}",
    year="2001",
    publisher="Springer Netherlands",
    address="Dordrecht",
    pages="199--214",
    abstract="We review the basic properties of the different supernova types identified in the current taxonomy, with emphasis on the more recent developments. To help orienting in the variegate zoo, the optical photometric and spectroscopic properties of the different supernova types are presented in a number of summary figures.",
    isbn="978-94-015-9723-4",
    doi="10.1007/978-94-015-9723-4_16",
    url="https://doi.org/10.1007/978-94-015-9723-4_16"
}

@ARTICLE{Xing2023,
       author = {{Xing}, Qian-Fan and {Zhao}, Gang and {Liu}, Zheng-Wei and {Heger}, Alexander and {Han}, Zhan-Wen and {Aoki}, Wako and {Chen}, Yu-Qin and {Ishigaki}, Miho N. and {Li}, Hai-Ning and {Zhao}, Jing-Kun},
        title = "{A metal-poor star with abundances from a pair-instability supernova}",
      journal = {\nat},
         year = 2023,
        month = jun,
       volume = {618},
       number = {7966},
        pages = {712-715},
          doi = {10.1038/s41586-023-06028-1},
       adsurl = {https://ui.adsabs.harvard.edu/abs/2023Natur.618..712X},
      adsnote = {Provided by the SAO/NASA Astrophysics Data System}
}

@ARTICLE{Mazzali2007,
       author = {{Mazzali}, Paolo A. and {R{\"o}pke}, Friedrich K. and {Benetti}, Stefano and {Hillebrandt}, Wolfgang},
        title = "{A Common Explosion Mechanism for Type Ia Supernovae}",
      journal = {\textit{Science}},
     keywords = {ASTRONOMY, Astrophysics},
         year = 2007,
        month = feb,
       volume = {315},
       number = {5813},
        pages = {825},
          doi = {10.1126/science.1136259},
archivePrefix = {arXiv},
       eprint = {astro-ph/0702351},
 primaryClass = {astro-ph},
       adsurl = {https://ui.adsabs.harvard.edu/abs/2007Sci...315..825M},
      adsnote = {Provided by the SAO/NASA Astrophysics Data System}
}

@ARTICLE{Minkowski1941,
       author = {{Minkowski}, R.},
        title = "{Spectra of Supernovae}",
      journal = {\pasp},
         year = 1941,
        month = aug,
       volume = {53},
       number = {314},
        pages = {224},
          doi = {10.1086/125315},
       adsurl = {https://ui.adsabs.harvard.edu/abs/1941PASP...53..224M},
      adsnote = {Provided by the SAO/NASA Astrophysics Data System}
}

@book{Longair2011,
    place={Cambridge},
    edition={3},
    title={\textit{High Energy Astrophysics}},
    publisher={Cambridge University Press},
    author={Longair, Malcolm S.},
    year={2011}
}

@ARTICLE{Timmes1999,
       author = {{Timmes}, F.~X. and {Arnett}, Dave},
        title = "{The Accuracy, Consistency, and Speed of Five Equations of State for Stellar Hydrodynamics}",
      journal = {\apjs},
     keywords = {EQUATION OF STATE, HYDRODYNAMICS, METHODS: NUMERICAL, STARS: GENERAL, STARS: INTERIORS, Equation of State, Hydrodynamics, Methods: Numerical, Stars: General, Stars: Interiors},
         year = 1999,
        month = nov,
       volume = {125},
       number = {1},
        pages = {277-294},
          doi = {10.1086/313271},
       adsurl = {https://ui.adsabs.harvard.edu/abs/1999ApJS..125..277T},
      adsnote = {Provided by the SAO/NASA Astrophysics Data System}
}

@ARTICLE{Marchant2023,
       author = {{Marchant}, Pablo and {Bodensteiner}, Julia},
        title = "{The Evolution of Massive Binary Stars}",
      journal = {arXiv e-prints},
     keywords = {Astrophysics - Solar and Stellar Astrophysics, Astrophysics - Astrophysics of Galaxies, Astrophysics - High Energy Astrophysical Phenomena},
         year = 2023,
        month = nov,
          eid = {arXiv:2311.01865},
        pages = {arXiv:2311.01865},
          doi = {10.48550/arXiv.2311.01865},
archivePrefix = {arXiv},
       eprint = {2311.01865},
 primaryClass = {astro-ph.SR},
       adsurl = {https://ui.adsabs.harvard.edu/abs/2023arXiv231101865M},
      adsnote = {Provided by the SAO/NASA Astrophysics Data System}
}

@ARTICLE{Timmes2000,
       author = {{Timmes}, F.~X. and {Swesty}, F. Douglas},
        title = "{The Accuracy, Consistency, and Speed of an Electron-Positron Equation of State Based on Table Interpolation of the Helmholtz Free Energy}",
      journal = {\apjs},
     keywords = {EQUATION OF STATE, HYDRODYNAMICS, METHODS: NUMERICAL, STARS: GENERAL, Equation of State, Hydrodynamics, Methods: Numerical, Stars: General},
         year = 2000,
        month = feb,
       volume = {126},
       number = {2},
        pages = {501-516},
          doi = {10.1086/313304},
       adsurl = {https://ui.adsabs.harvard.edu/abs/2000ApJS..126..501T},
      adsnote = {Provided by the SAO/NASA Astrophysics Data System}
}

@BOOK{Prialnik2009,
       author = {{Prialnik}, Dina},
        title = "{\textit{An Introduction to the Theory of Stellar Structure and Evolution}}",
         year = 2009,
        publisher = "{Cambridge University Press}",
        edition = {2}
}

@book{Krumholz2017,
    author = {Krumholz, Mark R},
    title = {\textit{Star Formation}},
    publisher = {WORLD SCIENTIFIC},
    year = {2017},
    doi = {10.1142/10091},
    address = {},
    edition   = {},
    URL = {https://www.worldscientific.com/doi/abs/10.1142/10091},
    eprint = {https://www.worldscientific.com/doi/pdf/10.1142/10091}
}

@ARTICLE{Marek2006,
       author = {{Marek}, A. and {Dimmelmeier}, H. and {Janka}, H. -Th. and {M{\"u}ller}, E. and {Buras}, R.},
        title = "{Exploring the relativistic regime with Newtonian hydrodynamics: an improved effective gravitational potential for supernova simulations}",
      journal = {\aap},
     keywords = {gravitation, hydrodynamics, methods: numerical, relativity, stars: supernovae: general, Astrophysics, General Relativity and Quantum Cosmology},
         year = 2006,
        month = jan,
       volume = {445},
       number = {1},
        pages = {273-289},
          doi = {10.1051/0004-6361:20052840},
archivePrefix = {arXiv},
       eprint = {astro-ph/0502161},
 primaryClass = {astro-ph},
       adsurl = {https://ui.adsabs.harvard.edu/abs/2006A&A...445..273M},
      adsnote = {Provided by the SAO/NASA Astrophysics Data System}
}

@BOOK{Clarke2007,
       author = {{Clarke}, Cathie and {Carswell}, Bob},
    publisher = "{Cambridge University Press}",
        title = "{\textit{Principles of Astrophysical Fluid Dynamics}}",
         year = 2007,
       adsurl = {https://ui.adsabs.harvard.edu/abs/2007pafd.book.....C},
      adsnote = {Provided by the SAO/NASA Astrophysics Data System}
}

@ARTICLE{Stockinger2020,
       author = {{Stockinger}, G. and {Janka}, H. -T. and {Kresse}, D. and {Melson}, T. and {Ertl}, T. and {Gabler}, M. and {Gessner}, A. and {Wongwathanarat}, A. and {Tolstov}, A. and {Leung}, S. -C. and {Nomoto}, K. and {Heger}, A.},
        title = "{Three-dimensional models of core-collapse supernovae from low-mass progenitors with implications for Crab}",
      journal = {\mnras},
     keywords = {supernovae: general, stars: neutron, supernovae: individual: Crab, neutrinos, stars: massive, Hydrodynamics, Astrophysics - High Energy Astrophysical Phenomena},
         year = 2020,
        month = aug,
       volume = {496},
       number = {2},
        pages = {2039-2084},
          doi = {10.1093/mnras/staa1691},
archivePrefix = {arXiv},
       eprint = {2005.02420},
 primaryClass = {astro-ph.HE},
       adsurl = {https://ui.adsabs.harvard.edu/abs/2020MNRAS.496.2039S},
      adsnote = {Provided by the SAO/NASA Astrophysics Data System}
}

@ARTICLE{Wongwathanarat2015,
       author = {{Wongwathanarat}, A. and {M{\"u}ller}, E. and {Janka}, H. -Th.},
        title = "{Three-dimensional simulations of core-collapse supernovae: from shock revival to shock breakout}",
      journal = {\aap},
     keywords = {supernovae: general, hydrodynamics, stars: massive, Astrophysics - High Energy Astrophysical Phenomena, Astrophysics - Solar and Stellar Astrophysics},
         year = 2015,
        month = may,
       volume = {577},
          eid = {A48},
        pages = {A48},
          doi = {10.1051/0004-6361/201425025},
archivePrefix = {arXiv},
       eprint = {1409.5431},
 primaryClass = {astro-ph.HE},
       adsurl = {https://ui.adsabs.harvard.edu/abs/2015A&A...577A..48W},
      adsnote = {Provided by the SAO/NASA Astrophysics Data System}
}

@ARTICLE{Steiner2013,
       author = {{Steiner}, A.~W. and {Hempel}, M. and {Fischer}, T.},
        title = "{Core-collapse Supernova Equations of State Based on Neutron Star Observations}",
      journal = {\apj},
     keywords = {equation of state, dense matter, hydrodynamics, stars: neutron, supernovae: general, Astrophysics - Solar and Stellar Astrophysics, Nuclear Theory},
         year = 2013,
        month = sep,
       volume = {774},
       number = {1},
          eid = {17},
        pages = {17},
          doi = {10.1088/0004-637X/774/1/17},
archivePrefix = {arXiv},
       eprint = {1207.2184},
 primaryClass = {astro-ph.SR},
       adsurl = {https://ui.adsabs.harvard.edu/abs/2013ApJ...774...17S},
      adsnote = {Provided by the SAO/NASA Astrophysics Data System}
}

@ARTICLE{Schneider2019,
       author = {{Schneider}, A.~S. and {Roberts}, L.~F. and {Ott}, C.~D. and {O'Connor}, E.},
        title = "{Equation of state effects in the core collapse of a 20 -M$_{{\ensuremath{\odot}}}$ star}",
      journal = {\prc},
     keywords = {Astrophysics - High Energy Astrophysical Phenomena, Nuclear Theory},
         year = 2019,
        month = nov,
       volume = {100},
       number = {5},
          eid = {055802},
        pages = {055802},
          doi = {10.1103/PhysRevC.100.055802},
archivePrefix = {arXiv},
       eprint = {1906.02009},
 primaryClass = {astro-ph.HE},
       adsurl = {https://ui.adsabs.harvard.edu/abs/2019PhRvC.100e5802S},
      adsnote = {Provided by the SAO/NASA Astrophysics Data System}
}

@ARTICLE{Fryxell2000,
       author = {{Fryxell}, B. and {Olson}, K. and {Ricker}, P. and {Timmes}, F.~X. and {Zingale}, M. and {Lamb}, D.~Q. and {MacNeice}, P. and {Rosner}, R. and {Truran}, J.~W. and {Tufo}, H.},
        title = "{FLASH: An Adaptive Mesh Hydrodynamics Code for Modeling Astrophysical Thermonuclear Flashes}",
      journal = {\apjs},
     keywords = {Equation of State, Hydrodynamics, Methods: Numerical, Nuclear Reactions, Nucleosynthesis, Abundances, Stars: General},
         year = 2000,
        month = nov,
       volume = {131},
       number = {1},
        pages = {273-334},
          doi = {10.1086/317361},
       adsurl = {https://ui.adsabs.harvard.edu/abs/2000ApJS..131..273F},
      adsnote = {Provided by the SAO/NASA Astrophysics Data System}
}

@ARTICLE{Woosley1994,
       author = {{Woosley}, S.~E. and {Wilson}, J.~R. and {Mathews}, G.~J. and {Hoffman}, R.~D. and {Meyer}, B.~S.},
        title = "{The r-Process and Neutrino-heated Supernova Ejecta}",
      journal = {\apj},
     keywords = {Gravitational Collapse, Neutrinos, Neutron Stars, Nuclear Fusion, Stellar Gravitation, Stellar Mass Ejection, Stellar Models, Supernovae, Abundance, Elementary Particle Interactions, Mathematical Models, Astrophysics, ELEMENTARY PARTICLES, NUCLEAR REACTIONS, NUCLEOSYNTHESIS, ABUNDANCES, STARS: SUPERNOVAE: GENERAL},
         year = 1994,
        month = sep,
       volume = {433},
        pages = {229},
          doi = {10.1086/174638},
       adsurl = {https://ui.adsabs.harvard.edu/abs/1994ApJ...433..229W},
      adsnote = {Provided by the SAO/NASA Astrophysics Data System}
}

@ARTICLE{Woosley2007,
       author = {{Woosley}, S.~E. and {Heger}, A.},
        title = "{Nucleosynthesis and remnants in massive stars of solar metallicity}",
      journal = {\physrep},
     keywords = {Astrophysics},
         year = 2007,
        month = apr,
       volume = {442},
       number = {1-6},
        pages = {269-283},
          doi = {10.1016/j.physrep.2007.02.009},
archivePrefix = {arXiv},
       eprint = {astro-ph/0702176},
 primaryClass = {astro-ph},
       adsurl = {https://ui.adsabs.harvard.edu/abs/2007PhR...442..269W},
      adsnote = {Provided by the SAO/NASA Astrophysics Data System}
}

@ARTICLE{Qian1996,
       author = {{Qian}, Y. -Z. and {Woosley}, S.~E.},
        title = "{Nucleosynthesis in Neutrino-driven Winds. I. The Physical Conditions}",
      journal = {\apj},
     keywords = {ELEMENTARY PARTICLES, NUCLEAR REACTIONS, NUCLEOSYNTHESIS, ABUNDANCES, STARS: MASS LOSS, STARS: NEUTRON, STARS: SUPERNOVAE: GENERAL, Astrophysics},
         year = 1996,
        month = nov,
       volume = {471},
        pages = {331},
          doi = {10.1086/177973},
archivePrefix = {arXiv},
       eprint = {astro-ph/9611094},
 primaryClass = {astro-ph},
       adsurl = {https://ui.adsabs.harvard.edu/abs/1996ApJ...471..331Q},
      adsnote = {Provided by the SAO/NASA Astrophysics Data System}
}

@article{Arcones2011,
    doi = {10.1088/1742-6596/312/4/042005},
    url = {https://dx.doi.org/10.1088/1742-6596/312/4/042005},
    year = {2011},
    month = {sep},
    publisher = {},
    volume = {312},
    number = {4},
    pages = {042005},
    author = {Almudena Arcones},
    title = {Explosive nucleosynthesis in core-collapse supernovae},
    journal = {Journal of Physics: Conference Series}
}

@ARTICLE{Nevins2024,
       author = {{Nevins}, Brian and {Roberts}, Luke F.},
        title = "{Proto-neutron star convection and the neutrino-driven wind: implications for the {\ensuremath{\nu}}p-process}",
      journal = {\mnras},
     keywords = {convection, nuclear reactions, nucleosynthesis, abundances, waves, stars: neutron, supernovae: general, Astrophysics - High Energy Astrophysical Phenomena, Astrophysics - Solar and Stellar Astrophysics},
         year = 2024,
        month = may,
       volume = {530},
       number = {2},
        pages = {2001-2011},
          doi = {10.1093/mnras/stae1005},
archivePrefix = {arXiv},
       eprint = {2404.07324},
 primaryClass = {astro-ph.HE},
       adsurl = {https://ui.adsabs.harvard.edu/abs/2024MNRAS.530.2001N},
      adsnote = {Provided by the SAO/NASA Astrophysics Data System}
}

@ARTICLE{Sandoval2021,
       author = {{Sandoval}, Michael A. and {Hix}, W. Raphael and {Messer}, O.~E. Bronson and {Lentz}, Eric J. and {Harris}, J. Austin},
        title = "{Three-dimensional Core-collapse Supernova Simulations with 160 Isotopic Species Evolved to Shock Breakout}",
      journal = {\apj},
     keywords = {Hydrodynamics, Massive stars, Core-collapse supernovae, Supernovae, Stellar evolution, 1963, 732, 304, 1668, 1599, Astrophysics - High Energy Astrophysical Phenomena},
         year = 2021,
        month = nov,
       volume = {921},
       number = {2},
          eid = {113},
        pages = {113},
          doi = {10.3847/1538-4357/ac1d49},
archivePrefix = {arXiv},
       eprint = {2106.01389},
 primaryClass = {astro-ph.HE},
       adsurl = {https://ui.adsabs.harvard.edu/abs/2021ApJ...921..113S},
      adsnote = {Provided by the SAO/NASA Astrophysics Data System}
}

@ARTICLE{Abbott2017,
       author = {{Abbott}, B.~P. and {Abbott}, R. and {Abbott}, T.~D. and {Acernese}, F. and {Ackley}, K. and {Adams}, C. and {Adams}, T. and {Addesso}, P. and {Adhikari}, R.~X. and {Adya}, V.~B. and {Affeldt}, C. and {Afrough}, M. and {Agarwal}, B. and {Agathos}, M. and {Agatsuma}, K. and {Aggarwal}, N. and {Aguiar}, O.~D. and {Aiello}, L. and {Ain}, A. and {Ajith}, P. and {Allen}, B. and {Allen}, G. and {Allocca}, A. and {Altin}, P.~A. and {Amato}, A. and {Ananyeva}, A. and {Anderson}, S.~B. and {Anderson}, W.~G. and {Angelova}, S.~V. and {Antier}, S. and {Appert}, S. and {Arai}, K. and {Araya}, M.~C. and {Areeda}, J.~S. and {Arnaud}, N. and {Arun}, K.~G. and {Ascenzi}, S. and {Ashton}, G. and {Ast}, M. and {Aston}, S.~M. and {Astone}, P. and {Atallah}, D.~V. and {Aufmuth}, P. and {Aulbert}, C. and {AultONeal}, K. and {Austin}, C. and {Avila-Alvarez}, A. and {Babak}, S. and {Bacon}, P. and {Bader}, M.~K.~M. and {Bae}, S. and {Bailes}, M. and {Baker}, P.~T. and {Baldaccini}, F. and {Ballardin}, G. and {Ballmer}, S.~W. and {Banagiri}, S. and {Barayoga}, J.~C. and {Barclay}, S.~E. and {Barish}, B.~C. and {Barker}, D. and {Barkett}, K. and {Barone}, F. and {Barr}, B. and {Barsotti}, L. and {Barsuglia}, M. and {Barta}, D. and {Barthelmy}, S.~D. and {Bartlett}, J. and {Bartos}, I. and {Bassiri}, R. and {Basti}, A. and {Batch}, J.~C. and {Bawaj}, M. and {Bayley}, J.~C. and {Bazzan}, M. and {B{\'e}csy}, B. and {Beer}, C. and {Bejger}, M. and {Belahcene}, I. and {Bell}, A.~S. and {Berger}, B.~K. and {Bergmann}, G. and {Bernuzzi}, S. and {Bero}, J.~J. and {Berry}, C.~P.~L. and {Bersanetti}, D. and {Bertolini}, A. and {Betzwieser}, J. and {Bhagwat}, S. and {Bhandare}, R. and {Bilenko}, I.~A. and {Billingsley}, G. and {Billman}, C.~R. and {Birch}, J. and {Birney}, R. and {Birnholtz}, O. and {Biscans}, S. and {Biscoveanu}, S. and {Bisht}, A. and {Bitossi}, M. and {Biwer}, C. and {Bizouard}, M.~A. and {Blackburn}, J.~K. and {Blackman}, J. and {Blair}, C.~D. and {Blair}, D.~G. and {Blair}, R.~M. and {Bloemen}, S. and {Bock}, O. and {Bode}, N. and {Boer}, M. and {Bogaert}, G. and {Bohe}, A. and {Bondu}, F. and {Bonilla}, E. and {Bonnand}, R. and {Boom}, B.~A. and {Bork}, R. and {Boschi}, V. and {Bose}, S. and {Bossie}, K. and {Bouffanais}, Y. and {Bozzi}, A. and {Bradaschia}, C. and {Brady}, P.~R. and {Branchesi}, M. and {Brau}, J.~E. and {Briant}, T. and {Brillet}, A. and {Brinkmann}, M. and {Brisson}, V. and {Brockill}, P. and {Broida}, J.~E. and {Brooks}, A.~F. and {Brown}, D.~A. and {Brown}, D.~D. and {Brunett}, S. and {Buchanan}, C.~C. and {Buikema}, A. and {Bulik}, T. and {Bulten}, H.~J. and {Buonanno}, A. and {Buskulic}, D. and {Buy}, C. and {Byer}, R.~L. and {Cabero}, M. and {Cadonati}, L. and {Cagnoli}, G. and {Cahillane}, C. and {Calder{\'o}n Bustillo}, J. and {Callister}, T.~A. and {Calloni}, E. and {Camp}, J.~B. and {Canepa}, M. and {Canizares}, P. and {Cannon}, K.~C. and {Cao}, H. and {Cao}, J. and {Capano}, C.~D. and {Capocasa}, E. and {Carbognani}, F. and {Caride}, S. and {Carney}, M.~F. and {Carullo}, G. and {Casanueva Diaz}, J. and {Casentini}, C. and {Caudill}, S. and {Cavagli{\`a}}, M. and {Cavalier}, F. and {Cavalieri}, R. and {Cella}, G. and {Cepeda}, C.~B. and {Cerd{\'a}-Dur{\'a}n}, P. and {Cerretani}, G. and {Cesarini}, E. and {Chamberlin}, S.~J. and {Chan}, M. and {Chao}, S. and {Charlton}, P. and {Chase}, E. and {Chassande-Mottin}, E. and {Chatterjee}, D. and {Chatziioannou}, K. and {Cheeseboro}, B.~D. and {Chen}, H.~Y. and {Chen}, X. and {Chen}, Y. and {Cheng}, H. -P. and {Chia}, H. and {Chincarini}, A. and {Chiummo}, A. and {Chmiel}, T. and {Cho}, H.~S. and {Cho}, M. and {Chow}, J.~H. and {Christensen}, N. and {Chu}, Q. and {Chua}, A.~J.~K. and {Chua}, S. and {Chung}, A.~K.~W. and {Chung}, S. and {Ciani}, G. and {Ciolfi}, R. and {Cirelli}, C.~E. and {Cirone}, A. and {Clara}, F. and {Clark}, J.~A. and {Clearwater}, P. and {Cleva}, F. and {Cocchieri}, C. and {Coccia}, E. and {Cohadon}, P. -F. and {Cohen}, D. and {Colla}, A. and {Collette}, C.~G. and {Cominsky}, L.~R. and {Constancio}, M. and {Conti}, L. and {Cooper}, S.~J. and {Corban}, P. and {Corbitt}, T.~R. and {Cordero-Carri{\'o}n}, I. and {Corley}, K.~R. and {Cornish}, N. and {Corsi}, A. and {Cortese}, S. and {Costa}, C.~A. and {Coughlin}, M.~W. and {Coughlin}, S.~B. and {Coulon}, J. -P. and {Countryman}, S.~T. and {Couvares}, P. and {Covas}, P.~B. and {Cowan}, E.~E. and {Coward}, D.~M. and {Cowart}, M.~J. and {Coyne}, D.~C. and {Coyne}, R. and {Creighton}, J.~D.~E. and {Creighton}, T.~D. and {Cripe}, J. and {Crowder}, S.~G. and {Cullen}, T.~J. and {Cumming}, A. and {Cunningham}, L. and {Cuoco}, E. and {Dal Canton}, T. and {D{\'a}lya}, G. and {Danilishin}, S.~L. and {D'Antonio}, S. and {Danzmann}, K. and {Dasgupta}, A. and {Da Silva Costa}, C.~F. and {Dattilo}, V. and {Dave}, I. and {Davier}, M. and {Davis}, D. and {Daw}, E.~J. and {Day}, B. and {De}, S. and {DeBra}, D. and {Degallaix}, J. and {De Laurentis}, M. and {Del{\'e}glise}, S. and {Del Pozzo}, W. and {Demos}, N. and {Denker}, T. and {Dent}, T. and {De Pietri}, R. and {Dergachev}, V. and {De Rosa}, R. and {DeRosa}, R.~T. and {De Rossi}, C. and {DeSalvo}, R. and {de Varona}, O. and {Devenson}, J. and {Dhurandhar}, S. and {D{\'\i}az}, M.~C. and {Dietrich}, T. and {Di Fiore}, L. and {Di Giovanni}, M. and {Di Girolamo}, T. and {Di Lieto}, A. and {Di Pace}, S. and {Di Palma}, I. and {Di Renzo}, F. and {Doctor}, Z. and {Dolique}, V. and {Donovan}, F. and {Dooley}, K.~L. and {Doravari}, S. and {Dorrington}, I. and {Douglas}, R. and {Dovale {\'A}lvarez}, M. and {Downes}, T.~P. and {Drago}, M. and {Dreissigacker}, C. and {Driggers}, J.~C. and {Du}, Z. and {Ducrot}, M. and {Dudi}, R. and {Dupej}, P. and {Dwyer}, S.~E. and {Edo}, T.~B. and {Edwards}, M.~C. and {Effler}, A. and {Eggenstein}, H. -B. and {Ehrens}, P. and {Eichholz}, J. and {Eikenberry}, S.~S. and {Eisenstein}, R.~A. and {Essick}, R.~C. and {Estevez}, D. and {Etienne}, Z.~B. and {Etzel}, T. and {Evans}, M. and {Evans}, T.~M. and {Factourovich}, M. and {Fafone}, V. and {Fair}, H. and {Fairhurst}, S. and {Fan}, X. and {Farinon}, S. and {Farr}, B. and {Farr}, W.~M. and {Fauchon-Jones}, E.~J. and {Favata}, M. and {Fays}, M. and {Fee}, C. and {Fehrmann}, H. and {Feicht}, J. and {Fejer}, M.~M. and {Fernandez-Galiana}, A. and {Ferrante}, I. and {Ferreira}, E.~C. and {Ferrini}, F. and {Fidecaro}, F. and {Finstad}, D. and {Fiori}, I. and {Fiorucci}, D. and {Fishbach}, M. and {Fisher}, R.~P. and {Fitz-Axen}, M. and {Flaminio}, R. and {Fletcher}, M. and {Fong}, H. and {Font}, J.~A. and {Forsyth}, P.~W.~F. and {Forsyth}, S.~S. and {Fournier}, J. -D. and {Frasca}, S. and {Frasconi}, F. and {Frei}, Z. and {Freise}, A. and {Frey}, R. and {Frey}, V. and {Fries}, E.~M. and {Fritschel}, P. and {Frolov}, V.~V. and {Fulda}, P. and {Fyffe}, M. and {Gabbard}, H. and {Gadre}, B.~U. and {Gaebel}, S.~M. and {Gair}, J.~R. and {Gammaitoni}, L. and {Ganija}, M.~R. and {Gaonkar}, S.~G. and {Garcia-Quiros}, C. and {Garufi}, F. and {Gateley}, B. and {Gaudio}, S. and {Gaur}, G. and {Gayathri}, V. and {Gehrels}, N. and {Gemme}, G. and {Genin}, E. and {Gennai}, A. and {George}, D. and {George}, J. and {Gergely}, L. and {Germain}, V. and {Ghonge}, S. and {Ghosh}, Abhirup and {Ghosh}, Archisman and {Ghosh}, S. and {Giaime}, J.~A. and {Giardina}, K.~D. and {Giazotto}, A. and {Gill}, K. and {Glover}, L. and {Goetz}, E. and {Goetz}, R. and {Gomes}, S. and {Goncharov}, B. and {Gonz{\'a}lez}, G. and {Gonzalez Castro}, J.~M. and {Gopakumar}, A. and {Gorodetsky}, M.~L. and {Gossan}, S.~E. and {Gosselin}, M. and {Gouaty}, R. and {Grado}, A. and {Graef}, C. and {Granata}, M. and {Grant}, A. and {Gras}, S. and {Gray}, C. and {Greco}, G. and {Green}, A.~C. and {Gretarsson}, E.~M. and {Groot}, P. and {Grote}, H. and {Grunewald}, S. and {Gruning}, P. and {Guidi}, G.~M. and {Guo}, X. and {Gupta}, A. and {Gupta}, M.~K. and {Gushwa}, K.~E. and {Gustafson}, E.~K. and {Gustafson}, R. and {Halim}, O. and {Hall}, B.~R. and {Hall}, E.~D. and {Hamilton}, E.~Z. and {Hammond}, G. and {Haney}, M. and {Hanke}, M.~M. and {Hanks}, J. and {Hanna}, C. and {Hannam}, M.~D. and {Hannuksela}, O.~A. and {Hanson}, J. and {Hardwick}, T. and {Harms}, J. and {Harry}, G.~M. and {Harry}, I.~W. and {Hart}, M.~J. and {Haster}, C. -J. and {Haughian}, K. and {Healy}, J. and {Heidmann}, A. and {Heintze}, M.~C. and {Heitmann}, H. and {Hello}, P. and {Hemming}, G. and {Hendry}, M. and {Heng}, I.~S. and {Hennig}, J. and {Heptonstall}, A.~W. and {Heurs}, M. and {Hild}, S. and {Hinderer}, T. and {Ho}, W.~C.~G. and {Hoak}, D. and {Hofman}, D. and {Holt}, K. and {Holz}, D.~E. and {Hopkins}, P. and {Horst}, C. and {Hough}, J. and {Houston}, E.~A. and {Howell}, E.~J. and {Hreibi}, A. and {Hu}, Y.~M. and {Huerta}, E.~A. and {Huet}, D. and {Hughey}, B. and {Husa}, S. and {Huttner}, S.~H. and {Huynh-Dinh}, T. and {Indik}, N. and {Inta}, R. and {Intini}, G. and {Isa}, H.~N. and {Isac}, J. -M. and {Isi}, M. and {Iyer}, B.~R. and {Izumi}, K. and {Jacqmin}, T. and {Jani}, K. and {Jaranowski}, P. and {Jawahar}, S. and {Jim{\'e}nez-Forteza}, F. and {Johnson}, W.~W. and {Johnson-McDaniel}, N.~K. and {Jones}, D.~I. and {Jones}, R. and {Jonker}, R.~J.~G. and {Ju}, L. and {Junker}, J. and {Kalaghatgi}, C.~V. and {Kalogera}, V. and {Kamai}, B. and {Kandhasamy}, S. and {Kang}, G. and {Kanner}, J.~B. and {Kapadia}, S.~J. and {Karki}, S. and {Karvinen}, K.~S. and {Kasprzack}, M. and {Kastaun}, W. and {Katolik}, M. and {Katsavounidis}, E. and {Katzman}, W. and {Kaufer}, S. and {Kawabe}, K. and {K{\'e}f{\'e}lian}, F. and {Keitel}, D. and {Kemball}, A.~J. and {Kennedy}, R. and {Kent}, C. and {Key}, J.~S. and {Khalili}, F.~Y. and {Khan}, I. and {Khan}, S. and {Khan}, Z. and {Khazanov}, E.~A. and {Kijbunchoo}, N. and {Kim}, Chunglee and {Kim}, J.~C. and {Kim}, K. and {Kim}, W. and {Kim}, W.~S. and {Kim}, Y. -M. and {Kimbrell}, S.~J. and {King}, E.~J. and {King}, P.~J. and {Kinley-Hanlon}, M. and {Kirchhoff}, R. and {Kissel}, J.~S. and {Kleybolte}, L. and {Klimenko}, S. and {Knowles}, T.~D. and {Koch}, P. and {Koehlenbeck}, S.~M. and {Koley}, S. and {Kondrashov}, V. and {Kontos}, A. and {Korobko}, M. and {Korth}, W.~Z. and {Kowalska}, I. and {Kozak}, D.~B. and {Kr{\"a}mer}, C. and {Kringel}, V. and {Krishnan}, B. and {Kr{\'o}lak}, A. and {Kuehn}, G. and {Kumar}, P. and {Kumar}, R. and {Kumar}, S. and {Kuo}, L. and {Kutynia}, A. and {Kwang}, S. and {Lackey}, B.~D. and {Lai}, K.~H. and {Landry}, M. and {Lang}, R.~N. and {Lange}, J. and {Lantz}, B. and {Lanza}, R.~K. and {Larson}, S.~L. and {Lartaux-Vollard}, A. and {Lasky}, P.~D. and {Laxen}, M. and {Lazzarini}, A. and {Lazzaro}, C. and {Leaci}, P. and {Leavey}, S. and {Lee}, C.~H. and {Lee}, H.~K. and {Lee}, H.~M. and {Lee}, H.~W. and {Lee}, K. and {Lehmann}, J. and {Lenon}, A. and {Leon}, E. and {Leonardi}, M. and {Leroy}, N. and {Letendre}, N. and {Levin}, Y. and {Li}, T.~G.~F. and {Linker}, S.~D. and {Littenberg}, T.~B. and {Liu}, J. and {Liu}, X. and {Lo}, R.~K.~L. and {Lockerbie}, N.~A. and {London}, L.~T. and {Lord}, J.~E. and {Lorenzini}, M. and {Loriette}, V. and {Lormand}, M. and {Losurdo}, G. and {Lough}, J.~D. and {Lousto}, C.~O. and {Lovelace}, G. and {L{\"u}ck}, H. and {Lumaca}, D. and {Lundgren}, A.~P. and {Lynch}, R. and {Ma}, Y. and {Macas}, R. and {Macfoy}, S. and {Machenschalk}, B. and {MacInnis}, M. and {Macleod}, D.~M. and {Maga{\~n}a Hernandez}, I. and {Maga{\~n}a-Sandoval}, F. and {Maga{\~n}a Zertuche}, L. and {Magee}, R.~M. and {Majorana}, E. and {Maksimovic}, I. and {Man}, N. and {Mandic}, V. and {Mangano}, V. and {Mansell}, G.~L. and {Manske}, M. and {Mantovani}, M. and {Marchesoni}, F. and {Marion}, F. and {M{\'a}rka}, S. and {M{\'a}rka}, Z. and {Markakis}, C. and {Markosyan}, A.~S. and {Markowitz}, A. and {Maros}, E. and {Marquina}, A. and {Marsh}, P. and {Martelli}, F. and {Martellini}, L. and {Martin}, I.~W. and {Martin}, R.~M. and {Martynov}, D.~V. and {Marx}, J.~N. and {Mason}, K. and {Massera}, E. and {Masserot}, A. and {Massinger}, T.~J. and {Masso-Reid}, M. and {Mastrogiovanni}, S. and {Matas}, A. and {Matichard}, F. and {Matone}, L. and {Mavalvala}, N. and {Mazumder}, N. and {McCarthy}, R. and {McClelland}, D.~E. and {McCormick}, S. and {McCuller}, L. and {McGuire}, S.~C. and {McIntyre}, G. and {McIver}, J. and {McManus}, D.~J. and {McNeill}, L. and {McRae}, T. and {McWilliams}, S.~T. and {Meacher}, D. and {Meadors}, G.~D. and {Mehmet}, M. and {Meidam}, J. and {Mejuto-Villa}, E. and {Melatos}, A. and {Mendell}, G. and {Mercer}, R.~A. and {Merilh}, E.~L. and {Merzougui}, M. and {Meshkov}, S. and {Messenger}, C. and {Messick}, C. and {Metzdorff}, R. and {Meyers}, P.~M. and {Miao}, H. and {Michel}, C. and {Middleton}, H. and {Mikhailov}, E.~E. and {Milano}, L. and {Miller}, A.~L. and {Miller}, B.~B. and {Miller}, J. and {Millhouse}, M. and {Milovich-Goff}, M.~C. and {Minazzoli}, O. and {Minenkov}, Y. and {Ming}, J. and {Mishra}, C. and {Mitra}, S. and {Mitrofanov}, V.~P. and {Mitselmakher}, G. and {Mittleman}, R. and {Moffa}, D. and {Moggi}, A. and {Mogushi}, K. and {Mohan}, M. and {Mohapatra}, S.~R.~P. and {Molina}, I. and {Montani}, M. and {Moore}, C.~J. and {Moraru}, D. and {Moreno}, G. and {Morisaki}, S. and {Morriss}, S.~R. and {Mours}, B. and {Mow-Lowry}, C.~M. and {Mueller}, G. and {Muir}, A.~W. and {Mukherjee}, Arunava and {Mukherjee}, D. and {Mukherjee}, S. and {Mukund}, N. and {Mullavey}, A. and {Munch}, J. and {Mu{\~n}iz}, E.~A. and {Muratore}, M. and {Murray}, P.~G. and {Nagar}, A. and {Napier}, K. and {Nardecchia}, I. and {Naticchioni}, L. and {Nayak}, R.~K. and {Neilson}, J. and {Nelemans}, G. and {Nelson}, T.~J.~N. and {Nery}, M. and {Neunzert}, A. and {Nevin}, L. and {Newport}, J.~M. and {Newton}, G. and {Ng}, K.~K.~Y. and {Nguyen}, P. and {Nguyen}, T.~T. and {Nichols}, D. and {Nielsen}, A.~B. and {Nissanke}, S. and {Nitz}, A. and {Noack}, A. and {Nocera}, F. and {Nolting}, D. and {North}, C. and {Nuttall}, L.~K. and {Oberling}, J. and {O'Dea}, G.~D. and {Ogin}, G.~H. and {Oh}, J.~J. and {Oh}, S.~H. and {Ohme}, F. and {Okada}, M.~A. and {Oliver}, M. and {Oppermann}, P. and {Oram}, Richard J. and {O'Reilly}, B. and {Ormiston}, R. and {Ortega}, L.~F. and {O'Shaughnessy}, R. and {Ossokine}, S. and {Ottaway}, D.~J. and {Overmier}, H. and {Owen}, B.~J. and {Pace}, A.~E. and {Page}, J. and {Page}, M.~A. and {Pai}, A. and {Pai}, S.~A. and {Palamos}, J.~R. and {Palashov}, O. and {Palomba}, C. and {Pal-Singh}, A. and {Pan}, Howard and {Pan}, Huang-Wei and {Pang}, B. and {Pang}, P.~T.~H. and {Pankow}, C. and {Pannarale}, F. and {Pant}, B.~C. and {Paoletti}, F. and {Paoli}, A. and {Papa}, M.~A. and {Parida}, A. and {Parker}, W. and {Pascucci}, D. and {Pasqualetti}, A. and {Passaquieti}, R. and {Passuello}, D. and {Patil}, M. and {Patricelli}, B. and {Pearlstone}, B.~L. and {Pedraza}, M. and {Pedurand}, R. and {Pekowsky}, L. and {Pele}, A. and {Penn}, S. and {Perez}, C.~J. and {Perreca}, A. and {Perri}, L.~M. and {Pfeiffer}, H.~P. and {Phelps}, M. and {Piccinni}, O.~J. and {Pichot}, M. and {Piergiovanni}, F. and {Pierro}, V. and {Pillant}, G. and {Pinard}, L. and {Pinto}, I.~M. and {Pirello}, M. and {Pitkin}, M. and {Poe}, M. and {Poggiani}, R. and {Popolizio}, P. and {Porter}, E.~K. and {Post}, A. and {Powell}, J. and {Prasad}, J. and {Pratt}, J.~W.~W. and {Pratten}, G. and {Predoi}, V. and {Prestegard}, T. and {Prijatelj}, M. and {Principe}, M. and {Privitera}, S. and {Prix}, R. and {Prodi}, G.~A. and {Prokhorov}, L.~G. and {Puncken}, O. and {Punturo}, M. and {Puppo}, P. and {P{\"u}rrer}, M. and {Qi}, H. and {Quetschke}, V. and {Quintero}, E.~A. and {Quitzow-James}, R. and {Raab}, F.~J. and {Rabeling}, D.~S. and {Radkins}, H. and {Raffai}, P. and {Raja}, S. and {Rajan}, C. and {Rajbhandari}, B. and {Rakhmanov}, M. and {Ramirez}, K.~E. and {Ramos-Buades}, A. and {Rapagnani}, P. and {Raymond}, V. and {Razzano}, M. and {Read}, J. and {Regimbau}, T. and {Rei}, L. and {Reid}, S. and {Reitze}, D.~H. and {Ren}, W. and {Reyes}, S.~D. and {Ricci}, F. and {Ricker}, P.~M. and {Rieger}, S. and {Riles}, K. and {Rizzo}, M. and {Robertson}, N.~A. and {Robie}, R. and {Robinet}, F. and {Rocchi}, A. and {Rolland}, L. and {Rollins}, J.~G. and {Roma}, V.~J. and {Romano}, J.~D. and {Romano}, R. and {Romel}, C.~L. and {Romie}, J.~H. and {Rosi{\'n}ska}, D. and {Ross}, M.~P. and {Rowan}, S. and {R{\"u}diger}, A. and {Ruggi}, P. and {Rutins}, G. and {Ryan}, K. and {Sachdev}, S. and {Sadecki}, T. and {Sadeghian}, L. and {Sakellariadou}, M. and {Salconi}, L. and {Saleem}, M. and {Salemi}, F. and {Samajdar}, A. and {Sammut}, L. and {Sampson}, L.~M. and {Sanchez}, E.~J. and {Sanchez}, L.~E. and {Sanchis-Gual}, N. and {Sandberg}, V. and {Sanders}, J.~R. and {Sassolas}, B. and {Sathyaprakash}, B.~S. and {Saulson}, P.~R. and {Sauter}, O. and {Savage}, R.~L. and {Sawadsky}, A. and {Schale}, P. and {Scheel}, M. and {Scheuer}, J. and {Schmidt}, J. and {Schmidt}, P. and {Schnabel}, R. and {Schofield}, R.~M.~S. and {Sch{\"o}nbeck}, A. and {Schreiber}, E. and {Schuette}, D. and {Schulte}, B.~W. and {Schutz}, B.~F. and {Schwalbe}, S.~G. and {Scott}, J. and {Scott}, S.~M. and {Seidel}, E. and {Sellers}, D. and {Sengupta}, A.~S. and {Sentenac}, D. and {Sequino}, V. and {Sergeev}, A. and {Shaddock}, D.~A. and {Shaffer}, T.~J. and {Shah}, A.~A. and {Shahriar}, M.~S. and {Shaner}, M.~B. and {Shao}, L. and {Shapiro}, B. and {Shawhan}, P. and {Sheperd}, A. and {Shoemaker}, D.~H. and {Shoemaker}, D.~M. and {Siellez}, K. and {Siemens}, X. and {Sieniawska}, M. and {Sigg}, D. and {Silva}, A.~D. and {Singer}, L.~P. and {Singh}, A. and {Singhal}, A. and {Sintes}, A.~M. and {Slagmolen}, B.~J.~J. and {Smith}, B. and {Smith}, J.~R. and {Smith}, R.~J.~E. and {Somala}, S. and {Son}, E.~J. and {Sonnenberg}, J.~A. and {Sorazu}, B. and {Sorrentino}, F. and {Souradeep}, T. and {Spencer}, A.~P. and {Srivastava}, A.~K. and {Staats}, K. and {Staley}, A. and {Steinke}, M. and {Steinlechner}, J. and {Steinlechner}, S. and {Steinmeyer}, D. and {Stevenson}, S.~P. and {Stone}, R. and {Stops}, D.~J. and {Strain}, K.~A. and {Stratta}, G. and {Strigin}, S.~E. and {Strunk}, A. and {Sturani}, R. and {Stuver}, A.~L. and {Summerscales}, T.~Z. and {Sun}, L. and {Sunil}, S. and {Suresh}, J. and {Sutton}, P.~J. and {Swinkels}, B.~L. and {Szczepa{\'n}czyk}, M.~J. and {Tacca}, M. and {Tait}, S.~C. and {Talbot}, C. and {Talukder}, D. and {Tanner}, D.~B. and {T{\'a}pai}, M. and {Taracchini}, A. and {Tasson}, J.~D. and {Taylor}, J.~A. and {Taylor}, R. and {Tewari}, S.~V. and {Theeg}, T. and {Thies}, F. and {Thomas}, E.~G. and {Thomas}, M. and {Thomas}, P. and {Thorne}, K.~A. and {Thorne}, K.~S. and {Thrane}, E. and {Tiwari}, S. and {Tiwari}, V. and {Tokmakov}, K.~V. and {Toland}, K. and {Tonelli}, M. and {Tornasi}, Z. and {Torres-Forn{\'e}}, A. and {Torrie}, C.~I. and {T{\"o}yr{\"a}}, D. and {Travasso}, F. and {Traylor}, G. and {Trinastic}, J. and {Tringali}, M.~C. and {Trozzo}, L. and {Tsang}, K.~W. and {Tse}, M. and {Tso}, R. and {Tsukada}, L. and {Tsuna}, D. and {Tuyenbayev}, D. and {Ueno}, K. and {Ugolini}, D. and {Unnikrishnan}, C.~S. and {Urban}, A.~L. and {Usman}, S.~A. and {Vahlbruch}, H. and {Vajente}, G. and {Valdes}, G. and {Vallisneri}, M. and {van Bakel}, N. and {van Beuzekom}, M. and {van den Brand}, J.~F.~J. and {Van Den Broeck}, C. and {Vander-Hyde}, D.~C. and {van der Schaaf}, L. and {van Heijningen}, J.~V. and {van Veggel}, A.~A. and {Vardaro}, M. and {Varma}, V. and {Vass}, S. and {Vas{\'u}th}, M. and {Vecchio}, A. and {Vedovato}, G. and {Veitch}, J. and {Veitch}, P.~J. and {Venkateswara}, K. and {Venugopalan}, G. and {Verkindt}, D. and {Vetrano}, F. and {Vicer{\'e}}, A. and {Viets}, A.~D. and {Vinciguerra}, S. and {Vine}, D.~J. and {Vinet}, J. -Y. and {Vitale}, S. and {Vo}, T. and {Vocca}, H. and {Vorvick}, C. and {Vyatchanin}, S.~P. and {Wade}, A.~R. and {Wade}, L.~E. and {Wade}, M. and {Walet}, R. and {Walker}, M. and {Wallace}, L. and {Walsh}, S. and {Wang}, G. and {Wang}, H. and {Wang}, J.~Z. and {Wang}, W.~H. and {Wang}, Y.~F. and {Ward}, R.~L. and {Warner}, J. and {Was}, M. and {Watchi}, J. and {Weaver}, B. and {Wei}, L. -W. and {Weinert}, M. and {Weinstein}, A.~J. and {Weiss}, R. and {Wen}, L. and {Wessel}, E.~K. and {We{\ss}els}, P. and {Westerweck}, J. and {Westphal}, T. and {Wette}, K. and {Whelan}, J.~T. and {Whitcomb}, S.~E. and {Whiting}, B.~F. and {Whittle}, C. and {Wilken}, D. and {Williams}, D. and {Williams}, R.~D. and {Williamson}, A.~R. and {Willis}, J.~L. and {Willke}, B. and {Wimmer}, M.~H. and {Winkler}, W. and {Wipf}, C.~C. and {Wittel}, H. and {Woan}, G. and {Woehler}, J. and {Wofford}, J. and {Wong}, K.~W.~K. and {Worden}, J. and {Wright}, J.~L. and {Wu}, D.~S. and {Wysocki}, D.~M. and {Xiao}, S. and {Yamamoto}, H. and {Yancey}, C.~C. and {Yang}, L. and {Yap}, M.~J. and {Yazback}, M. and {Yu}, Hang and {Yu}, Haocun and {Yvert}, M. and {Zadro{\.Z}ny}, A. and {Zanolin}, M. and {Zelenova}, T. and {Zendri}, J. -P. and {Zevin}, M. and {Zhang}, L. and {Zhang}, M. and {Zhang}, T. and {Zhang}, Y. -H. and {Zhao}, C. and {Zhou}, M. and {Zhou}, Z. and {Zhu}, S.~J. and {Zhu}, X.~J. and {Zimmerman}, A.~B. and {Zucker}, M.~E. and {Zweizig}, J. and {LIGO Scientific Collaboration} and {Virgo Collaboration}},
        title = "{GW170817: Observation of Gravitational Waves from a Binary Neutron Star Inspiral}",
      journal = {\prl},
     keywords = {General Relativity and Quantum Cosmology, Astrophysics - High Energy Astrophysical Phenomena},
         year = 2017,
        month = oct,
       volume = {119},
       number = {16},
          eid = {161101},
        pages = {161101},
          doi = {10.1103/PhysRevLett.119.161101},
archivePrefix = {arXiv},
       eprint = {1710.05832},
 primaryClass = {gr-qc},
       adsurl = {https://ui.adsabs.harvard.edu/abs/2017PhRvL.119p1101A},
      adsnote = {Provided by the SAO/NASA Astrophysics Data System}
}

@article{Riess1998,
    doi = {10.1086/300499},
    url = {https://dx.doi.org/10.1086/300499},
    year = {1998},
    month = {sep},
    publisher = {},
    volume = {116},
    number = {3},
    pages = {1009},
    author = {Adam G. Riess and Alexei V. Filippenko and Peter Challis and Alejandro Clocchiatti and Alan Diercks and Peter M. Garnavich and Ron L. Gilliland and Craig J. Hogan and Saurabh Jha and Robert P. Kirshner and B. Leibundgut and M. M. Phillips and David Reiss and Brian P. Schmidt and Robert A. Schommer and R. Chris Smith and J. Spyromilio and Christopher Stubbs and Nicholas B. Suntzeff and John Tonry},
    title = {Observational Evidence from Supernovae for an Accelerating Universe and a Cosmological Constant},
    journal = {The Astronomical Journal}
}

@ARTICLE{Bollig2021,
       author = {{Bollig}, Robert and {Yadav}, Naveen and {Kresse}, Daniel and {Janka}, Hans-Thomas and {M{\"u}ller}, Bernhard and {Heger}, Alexander},
        title = "{Self-consistent 3D Supernova Models From -7 Minutes to +7 s: A 1-bethe Explosion of a 19 M$_{{\ensuremath{\odot}}}$ Progenitor}",
      journal = {\apj},
     keywords = {Core-collapse supernovae, 304, Astrophysics - High Energy Astrophysical Phenomena, High Energy Physics - Phenomenology},
         year = 2021,
        month = jul,
       volume = {915},
       number = {1},
          eid = {28},
        pages = {28},
          doi = {10.3847/1538-4357/abf82e},
archivePrefix = {arXiv},
       eprint = {2010.10506},
 primaryClass = {astro-ph.HE},
       adsurl = {https://ui.adsabs.harvard.edu/abs/2021ApJ...915...28B},
      adsnote = {Provided by the SAO/NASA Astrophysics Data System}
}

@ARTICLE{Navo2023,
       author = {{Nav{\'o}}, Gerard and {Reichert}, Moritz and {Obergaulinger}, Martin and {Arcones}, Almudena},
        title = "{Core-collapse Supernova Simulations with Reduced Nucleosynthesis Networks}",
      journal = {\apj},
     keywords = {Core-collapse supernovae, Supernovae, Explosive nucleosynthesis, Supernova dynamics, Astrophysical explosive burning, Nuclear astrophysics, 304, 1668, 503, 1664, 100, 1129, Astrophysics - High Energy Astrophysical Phenomena, Astrophysics - Solar and Stellar Astrophysics, Nuclear Theory},
         year = 2023,
        month = jul,
       volume = {951},
       number = {2},
          eid = {112},
        pages = {112},
          doi = {10.3847/1538-4357/acd640},
archivePrefix = {arXiv},
       eprint = {2210.11848},
 primaryClass = {astro-ph.HE},
       adsurl = {https://ui.adsabs.harvard.edu/abs/2023ApJ...951..112N},
      adsnote = {Provided by the SAO/NASA Astrophysics Data System}
}

@ARTICLE{Sykes2023,
       author = {{Sykes}, Bailey and {Mueller}, Bernhard and {Cordero-Carri{\'o}n}, Isabel and {Cerd{\'a}-Dur{\'a}n}, Pablo and {Novak}, J{\'e}r{\^o}me},
        title = "{Black-hole excision scheme for general relativistic core-collapse supernova simulations}",
      journal = {\prd},
     keywords = {Astrophysics - High Energy Astrophysical Phenomena, Astrophysics - Solar and Stellar Astrophysics, General Relativity and Quantum Cosmology},
         year = 2023,
        month = may,
       volume = {107},
       number = {10},
          eid = {103010},
        pages = {103010},
          doi = {10.1103/PhysRevD.107.103010},
archivePrefix = {arXiv},
       eprint = {2210.12939},
 primaryClass = {astro-ph.HE},
       adsurl = {https://ui.adsabs.harvard.edu/abs/2023PhRvD.107j3010S},
      adsnote = {Provided by the SAO/NASA Astrophysics Data System}
}

@ARTICLE{Witt2021,
       author = {{Witt}, M. and {Psaltis}, A. and {Yasin}, H. and {Horn}, C. and {Reichert}, M. and {Kuroda}, T. and {Obergaulinger}, M. and {Couch}, S.~M. and {Arcones}, A.},
        title = "{Post-explosion Evolution of Core-collapse Supernovae}",
      journal = {\apj},
     keywords = {Core-collapse supernovae, Supernova dynamics, Explosive nucleosynthesis, Supernovae, 304, 1664, 503, 1668, Astrophysics - High Energy Astrophysical Phenomena, Astrophysics - Solar and Stellar Astrophysics, Nuclear Theory},
         year = 2021,
        month = nov,
       volume = {921},
       number = {1},
          eid = {19},
        pages = {19},
          doi = {10.3847/1538-4357/ac1a6d},
archivePrefix = {arXiv},
       eprint = {2107.00687},
 primaryClass = {astro-ph.HE},
       adsurl = {https://ui.adsabs.harvard.edu/abs/2021ApJ...921...19W},
      adsnote = {Provided by the SAO/NASA Astrophysics Data System}
}

@ARTICLE{Woosley2002,
       author = {{Woosley}, S.~E. and {Heger}, A. and {Weaver}, T.~A.},
        title = "{The evolution and explosion of massive stars}",
      journal = {\textit{Reviews of Modern Physics}},
     keywords = {26.30.+k, 97.60.Bw, 26.20.+f, 95.30.Cq, 97.10.Cv, 97.60.Jd, 95.30.Sf, Nucleosynthesis in novae supernovae and other explosive environments, Supernovae, Hydrostatic stellar nucleosynthesis, Elementary particle processes, Stellar structure interiors evolution nucleosynthesis ages, Neutron stars, Relativity and gravitation},
         year = 2002,
        month = nov,
       volume = {74},
       number = {4},
        pages = {1015-1071},
          doi = {10.1103/RevModPhys.74.1015},
       adsurl = {https://ui.adsabs.harvard.edu/abs/2002RvMP...74.1015W},
      adsnote = {Provided by the SAO/NASA Astrophysics Data System}
}


